2242 3306
755 131 795 169 A
833 129 1131 170 FAITHFUL
1170 131 1405 170 FRIEND.
1895 135 1960 187 95

550 310 643 361 LI.
723 309 779 359 A
834 310 1257 362 FAITHFUL
1312 312 1622 362 FRIEND

866 408 1043 478 (Fam.
1083 426 1101 461 1
1120 426 1159 461 Ι.
1193 414 1300 480 28).

814 565 1010 605 Matius
1042 565 1274 605 Ciceroni
1304 566 1358 606 S.

283 709 551 773 Magnam
584 707 928 772 voluptatem
967 723 1032 756 ex
1068 714 1176 756 tuis
1214 707 1407 757 litteris
1445 714 1581 774 cepi,
1613 708 1761 775 quod
1798 725 1963 775 quam

209 807 489 867 speraram
538 809 703 867 atque
751 806 1002 866 optaram
1051 800 1255 851 habere
1301 807 1356 851 te
1403 801 1471 851 de
1514 807 1602 852 me
1648 802 1963 868 opinionem

208 901 456 960 cognovi.
577 895 664 944 De
719 899 826 960 qua
880 901 984 944 etsi
1034 900 1146 944 non
1205 893 1541 955 dubitabam,
1596 903 1783 946 tamen
1837 896 1966 962 quia

207 988 429 1038 maximi
464 987 839 1048 aestimabam,
881 996 939 1038 ut
978 987 1299 1054 incorrupta
1339 995 1589 1039 maneret
1629 989 1962 1039 laborabam.

210 1081 479 1134 Conscius
517 1089 703 1132 autem
740 1081 874 1131 mihi
911 1098 1060 1131 eram
1099 1082 1235 1132 nihil
1262 1088 1293 1132 a
1327 1089 1415 1132 me
1451 1082 1806 1133 commissum
1844 1100 1966 1133 esse

209 1175 355 1243 quod
400 1175 532 1226 boni
577 1175 904 1242 cuiusquam
952 1175 1265 1226 offenderet
1311 1175 1570 1226 animum.
1656 1177 1738 1226 Eo
1785 1176 1966 1226 minus

208 1269 500 1320 credebam
554 1269 803 1335 plurimis
857 1277 1022 1335 atque
1076 1269 1298 1335 optimis
1352 1270 1559 1320 artibus
1624 1276 1819 1320 ornato
1869 1270 1968 1320 tibi

208 1370 416 1414 temere
469 1363 764 1430 quicquam
825 1363 1149 1429 persuaderi
1212 1363 1476 1429 potuisse,
1533 1364 1859 1430 praesertim
1912 1364 1967 1414 in

209 1474 374 1524 quem
426 1474 551 1508 mea
603 1463 885 1524 propensa
932 1465 987 1508 et
1039 1465 1311 1524 perpetua
1364 1457 1563 1508 fuisset
1610 1466 1775 1524 atque
1821 1466 1970 1509 esset

208 1551 611 1602 benevolentia.
719 1551 885 1618 Quod
938 1551 1200 1618 quoniam
1247 1560 1307 1602 ut
1352 1552 1501 1602 volui
1547 1551 1660 1602 scio
1706 1569 1843 1613 esse,
1893 1569 1970 1602 re-

209 1645 496 1711 spondebo
533 1645 852 1696 criminibus
890 1645 1088 1712 quibus
1124 1652 1182 1696 tsi
1222 1652 1322 1712 pro
1359 1652 1461 1706 me,
1493 1654 1552 1696 ut
1589 1651 1688 1711 par
1721 1654 1839 1696 erat
1874 1652 1969 1696 tua

209 1738 477 1805 singulari
526 1739 773 1790 bonitate
827 1747 882 1790 et
935 1739 1173 1790 amicitia
1224 1745 1429 1801 nostra,
1481 1756 1649 1805 saepe
1702 1739 1964 1790 restitisti.

212 1834 362 1884 Nota
390 1832 536 1884 enim
575 1833 708 1883 mihi
746 1841 875 1884 sunt
913 1850 1054 1899 quae
1093 1833 1148 1883 in
1178 1839 1266 1883 me
1294 1841 1420 1899 post
1451 1832 1705 1885 Caesaris
1733 1841 1967 1884 mortem

209 1927 557 1978 contulerint.
662 1927 814 1978 Vitio
866 1927 1001 1977 mihi
1053 1927 1188 1977 dant
1241 1927 1387 1994 quod
1442 1935 1676 1977 mortem
1731 1927 1967 1977 hominis

209 2020 509 2071 necessarii
547 2020 790 2087 graviter
828 2021 949 2071 fero
986 2029 1152 2088 atque
1191 2037 1317 2071 eum
1355 2037 1519 2087 quem
1557 2021 1720 2071 dilexi
1758 2029 1968 2086 perisse

209 2114 496 2180 indignor;
540 2115 694 2165 aiunt
734 2115 882 2165 enim
923 2114 1160 2181 patriam
1202 2114 1474 2165 amicitiae
1512 2114 1966 2180 praeponendam

210 2225 347 2269 esse,
380 2208 611 2274 proinde
641 2226 704 2260 ae
735 2217 781 2259 si
807 2208 915 2259 iam
943 2209 1175 2260 vicerint
1204 2208 1411 2260 obitum
1444 2208 1560 2259 eius
1597 2217 1676 2258 rei
1711 2208 1965 2274 publicae

1529 2304 1733 2353 Fateor
1769 2308 1857 2352 me
1897 2303 1964 2352 ad

208 2302 382 2352 fuisse
424 2302 628 2353 utilem.
726 2302 838 2353 Sed
878 2310 988 2353 non
1030 2320 1189 2369 agam
1235 2309 1431 2353 astute.

282 2459 353 2497 LI.
402 2459 580 2497 XVritten
605 2464 646 2498 at
674 2459 744 2497 the
773 2460 854 2498 end
883 2459 931 2497 of
951 2460 1066 2509 Aug-

209 2532 285 2572 ust,
305 2538 360 2575 44
379 2537 458 2566 B.C.
517 2528 662 2566 Cicero
690 2528 773 2566 had
801 2528 930 2566 heard
959 2527 1064 2566 from

207 2595 424 2634 Trebatius
468 2597 557 2635 that
602 2597 756 2635 Matius
801 2597 1064 2648 eomplained

209 2665 297 2703 that
333 2665 385 2703 he
425 2665 509 2704 had
544 2665 723 2716 unjustly
753 2666 959 2704 criticised
994 2666 1064 2704 the

209 2734 384 2772 attitude
402 2734 472 2772 the
489 2734 609 2773 latter
627 2735 885 2774 maintained
908 2736 1063 2774 toward

209 2802 279 2839 the
315 2803 547 2842 murderers
581 2803 628 2841 of
663 2804 826 2850 Caesar,
863 2805 945 2842 and
982 2804 1063 2843 had

211 2871 371 2910 written
394 2877 435 2910 to
458 2873 612 2911 Matius
634 2879 676 2911 to
701 2873 856 2912 defend
881 2873 1058 2912 himself.

762 2953 800 2991 9.
829 2953 1064 2994 propensa,

585 3021 644 3049 11.
693 3022 787 3062 par,
826 3012 898 3066 fil,
948 3018 1059 3050 meet.

208 2940 309 2977 This
329 2941 363 2978 is
389 2941 556 2980 Matius'
578 2942 704 2993 reply.

208 3015 493 3059 spontaneam.

1115 2470 1176 2508 14.
1211 2457 1505 2500 contulerint:
1550 2458 1621 2496 the
1656 2457 1759 2507 subj.
1796 2457 1828 2495 is
1864 2458 1965 2495 used

1111 2541 1154 2566 as
1206 2528 1241 2566 if
1290 2529 1332 2566 in
1384 2541 1436 2566 an
1489 2528 1574 2566 ind.
1625 2527 1815 2578 question
1866 2526 1964 2564 with

1112 2603 1253 2635 nolum
1289 2603 1372 2642 esl,·
1408 2597 1506 2635 with
1538 2597 1608 2634 the
1644 2595 1836 2647 personal
1867 2608 1964 2633 con-

1087 2664 1309 2704 *struction
1348 2666 1465 2717 (nola
1506 2665 1624 2715 sunt)
1671 2678 1777 2716 quae
1818 2665 1851 2702 is
1894 2664 1964 2702 the

1110 2735 1290 2782 relative,
1326 2741 1398 2773 not
1433 2735 1502 2773 the
1538 2734 1845 2784 interrogative,
1881 2734 1962 2771 and

1110 2805 1178 2843 the
1211 2805 1294 2842 ind.
1323 2803 1459 2842 would
1486 2804 1538 2841 be
1568 2803 1741 2853 regular.
1766 2826 1816 2830 —
1838 2802 1963 2847 dant,

1112 2875 1280 2924 impule.
1346 2884 1405 2924 17.
1435 2871 1621 2924 proinde
1647 2903 1654 2910 .
1686 2903 1694 2910 .
1725 2903 1733 2910 .
1759 2870 1963 2918 vicerint,

1105 2943 1203 2995 just
1234 2956 1278 2980 as
1319 2942 1366 2996 if
1391 2943 1481 2992 they
1512 2941 1603 2979 lmd
1636 2941 1766 2991 really
1798 2941 1963 2979 demon-

1088 3012 1274 3049 *stmzteat
1341 3011 1401 3049 18.
1431 3021 1566 3062 agam
1597 3011 1762 3057 astute,
1790 3010 1960 3062 quibble.

2015 1576 2060 1601 10
