2242 3306
226 765 276 800 70

230 1234 277 1270 75

230 1690 278 1724 80

312 124 381 186 98
732 130 1269 170 CORRESPONDENCE
1308 130 1382 168 OF
1421 130 1643 170 CICERO.

314 280 446 340 gare
487 280 596 324 non
637 281 804 339 potui.
902 275 1049 324 Veni
1094 274 1259 323 etiam
1307 274 1548 324 consulis
1591 275 1803 324 Antoni
1842 275 2065 328 domum

315 384 484 434 saepe
522 366 800 417 salutandi
835 372 1016 427 causa,
1049 367 1118 416 ad
1156 383 1319 433 quem
1362 375 1455 434 qui
1494 373 1580 416 me
1621 384 1815 432 parum
1856 369 2066 433 patriae

315 468 591 510 amantem
637 476 760 510 esse
813 459 1128 510 existimant
1173 460 1408 525 rogandi
1454 459 1676 526 quidem
1723 460 1927 527 aliquid
1974 469 2067 512 aut

315 553 605 604 auferendi
632 558 797 603 causa
825 553 1132 619 frequentis
1153 552 1424 602 ventitare
1446 553 1703 618 reperies.
1786 553 1897 604 Sed
1926 570 2066 620 quae

315 647 450 697 haec
487 654 571 697 est
607 645 948 711 adrogantia,
988 646 1136 712 quod
1178 646 1383 697 Caesar
1418 663 1720 713 numquam
1757 645 2069 713 interpella-

312 740 390 790 vit
417 748 549 807 quin
578 739 776 807 quibus
803 739 1003 790 vellem
1032 747 1197 806 atque
1225 739 1391 789 etiam
1421 746 1557 806 quos
1586 739 1704 805 ipse
1738 757 1850 790 non
1884 740 2067 805 dilige-

313 833 408 884 bat
445 842 631 884 tamen
673 833 736 883 iis
777 839 974 894 uterer,
1018 839 1112 883 eos
1159 840 1253 899 qui
1298 832 1432 882 mihi
1471 841 1707 896 amicum
1748 833 2069 899 'eripuerunt

314 927 596 993 carpendo
647 933 735 976 me
779 926 995 977 efficere
1048 932 1236 977 conari
1280 932 1350 976 ne
1403 932 1540 993 quos
1586 926 1749 977 velim
1804 926 2067 993 diligam?

317 1021 428 1073 Sed
455 1027 565 1070 non
594 1037 787 1071 vereor
814 1026 884 1070 ne
919 1027 1014 1070 aut
1049 1036 1206 1070 meae
1232 1027 1378 1070 vitae
1415 1019 1686 1070 modestia
1719 1037 1913 1085 parum
1941 1020 2070 1070 vali-

314 1120 437 1164 tfira
466 1114 535 1165 sit
561 1113 616 1164 in
646 1122 929 1180 posterum
957 1119 1148 1164 contra
1182 1113 1352 1163 falsos
1390 1119 1652 1174 rumoreS,
1684 1122 1778 1163 aut
1806 1120 1875 1163 ne
1904 1113 2067 1163 etiam

316 1207 353 1258 ii
387 1215 480 1274 qui
517 1213 606 1258 me
646 1214 757 1258 non
798 1214 986 1258 amant
1025 1215 1253 1274 propter
1293 1224 1473 1257 meam
1514 1206 1570 1256 in
1610 1207 1907 1258 Caesarem
1948 1214 2070 1257 con-

316 1301 578 1352 stantiam
606 1307 716 1351 non
745 1300 938 1351 malint
965 1308 1075 1351 mei
1095 1317 1260 1367 quam
1289 1308 1375 1350 sui
1396 1300 1585 1350 similis
1614 1307 1818 1350 amicos
1847 1300 2065 1351 habere.

320 1394 461 1445 Mihi
500 1394 722 1461 quidem
771 1403 817 1444 si
856 1400 1048 1460 optata
1093 1393 1433 1459 contingent,
1476 1393 1624 1460 quod
1669 1394 1940 1460 reliquum
1986 1401 2071 1444 est

317 1495 460 1538 vitae
488 1487 543 1538 in
570 1487 682 1538 otio
717 1488 903 1538 Rhodi
939 1487 1137 1552 degam
1158 1504 1168 1549 3
1212 1495 1294 1537 sin
1332 1492 1493 1537 casus
1529 1485 1725 1553 aliquis
1762 1486 2071 1553 interpella-

316 1581 400 1643 rit,
435 1581 510 1632 ita
546 1588 639 1632 ero
679 1582 890 1632 Romae
927 1588 986 1630 ut
1022 1586 1170 1631 recte
1208 1581 1327 1632 fieri
1366 1596 1587 1646 semper
1627 1579 1860 1646 cupiam.
1941 1580 2071 1630 Tre-

316 1674 466 1726 batio
504 1682 695 1725 nostro
735 1680 967 1740 magnas
1008 1680 1114 1740 ago
1153 1673 1374 1740 gratias,
1418 1673 1566 1741 quod
1607 1681 1764 1724 tuum
1811 1678 1944 1739 erga
1983 1679 2072 1723 me

318 1768 562 1818 animum
599 1768 906 1834 simplicem
943 1775 1110 1834 atque
1147 1775 1383 1818 amicum
1421 1766 1636 1834 aperuit
1672 1774 1727 1817 et
1763 1767 1911 1833 quod
1943 1783 2069 1817 eum

318 1878 482 1929 quem
511 1878 731 1928 semper
758 1861 993 1912 libenter
1021 1861 1183 1911 dilexi
1210 1867 1318 1927 quo
1345 1860 1524 1926 magis
1553 1860 1669 1910 iure
1698 1861 1877 1910 colere
1906 1867 2070 1927 atque

319 1955 611 2006 observare
639 1955 898 2005 deberem
926 1954 1073 2005 fecit.
1155 1955 1307 2004 Bene
1335 1955 1458 2004 vale
1486 1962 1539 2004 et
1567 1960 1656 2003 me
1683 1953 1861 2019 dilige.

636 2131 762 2182 LII.
842 2130 1036 2182 TIRO
1090 2129 1361 2182 TURNS
1416 2129 1757 2180 FARMER

851 2223 1020 2292 (from
1048 2223 1198 2274 Fam.
1238 2223 1314 2274 16.
1348 2237 1427 2273 21.
1463 2222 1533 2291 7).

395 2347 614 2414 Emisse
653 2368 708 2412 te
749 2360 1035 2428 praedium
1074 2360 1435 2411 vehementer
1473 2359 1691 2425 gaudeo
1730 2358 2072 2425 feliciterque

321 2455 421 2508 tibi
451 2473 566 2507 rem
599 2456 760 2506 istam
799 2461 1017 2505 evenire
1055 2453 1231 2520 cupio
1316 2453 1441 2504 Hoc
1478 2453 1599 2503 loco
1635 2458 1724 2502 me'
1759 2451 1857 2502 tibi
1892 2458 2074 2517 gratu-

323 2583 423 2622 heir.
500 2583 564 2634 65.
598 2581 713 2623 Veni
748 2580 901 2628 etiam,
937 2581 1026 2631 tlzey
1058 2580 1176 2619 make
1222 2593 1289 2630 my
1310 2579 1562 2630 associating
1578 2579 1678 2617 willz
1698 2579 1829 2617 whom
1853 2577 2070 2629 [pleased.

325 2653 360 2690 it
387 2666 412 2689 a
439 2652 617 2704 ground
645 2652 696 2704 of
718 2651 946 2702 complaz'nt
977 2650 1060 2688 also
1091 2649 1180 2688 that
1224 2659 1286 2700 72.
1317 2647 1535 2698 carpendo
1560 2658 1644 2694 me,
1671 2647 1718 2697 by
1738 2647 1972 2699 traducing
1995 2659 2068 2685 me.

325 2721 480 2759 [visit.
530 2720 594 2768 69.
617 2719 732 2771 quod
755 2749 762 2757 .
786 2749 793 2757 .
818 2749 826 2757 .
847 2718 1007 2764 uterer,
1029 2730 1176 2770 paren·
1222 2716 1286 2756 81.
1318 2715 1585 2768 simplicem,
1615 2717 1787 2754 sincere.
1855 2715 1923 2765 83.
1955 2714 2075 2754 Bene

326 2788 508 2835 thetical‚
543 2787 654 2839 quod
688 2787 840 2836 having
879 2787 941 2824 for
976 2786 1027 2824 its
1062 2791 1176 2823 ante·
1221 2785 1336 2832 vale,
1358 2785 1419 2823 for
1441 2785 1511 2823 the
1533 2784 1779 2823 Ciceronian
1801 2784 1902 2823 vale.

326 2858 477 2895 cedent
515 2869 576 2895 eos
603 2887 611 2894 .
646 2885 654 2894 .
690 2885 697 2893 .
732 2857 923 2907 diligam,
963 2854 1101 2893 which
1145 2853 1179 2892 is
1298 2854 1392 2892 LII.
1447 2854 1569 2892 From
1619 2866 1643 2891 a
1692 2853 1811 2891 letter
1856 2852 1961 2891 from
2005 2850 2076 2890 the

328 2925 593 2976 explanatory
633 2924 680 2962 of
721 2923 1009 2975 adrogantia:
1058 2922 1179 2961 wlzile
1222 2935 1362 2973 young
1403 2922 1569 2960 Marcus
1609 2928 1652 2960 to
1689 2922 1800 2960 Tiro.
1879 2931 1911 2958 1.
1950 2930 2077 2971 prae-

335 2994 488 3032 Caesar
519 3005 645 3031 never
679 2993 790 3031 stood
824 2993 872 3030 in
907 2992 970 3030 tlze
1003 3004 1098 3041 way
1127 2991 1178 3043 of
1223 2990 1360 3036 dium,
1390 2991 1528 3043 sarm.
1601 3000 1636 3028 2.
1671 2989 1760 3030 Hoc
1795 2988 1902 3036 loco,
1937 2988 2001 3026 i.e.
2037 2993 2079 3026 at
