2242 3306
240 567 283 592 10

239 1028 282 1065 15

238 1498 285 1523 20

327 123 395 176 70
744 114 1283 159 CORRESPONDENCE
1321 120 1395 159 OF
1433 116 1659 159 CICERO.

323 273 441 315 turn
470 271 557 314 me
586 270 738 314 amas
765 264 929 314 velim
958 264 1181 329 cogites,
1266 264 1539 331 Equidem
1567 281 1748 331 neque
1778 265 1845 314 cle
1874 280 2078 330 genere

325 359 803 424 dubito—placet
833 358 979 408 enim
1014 357 1147 407 mihi
1177 358 1358 410 Cluati
1382 390 1467 419 —‚
1499 375 1680 425 neque
1710 359 1777 408 de
1813 364 2080 408 re——sta—

323 458 503 503 tutum
533 460 616 503 est
644 451 790 502 enim
812 483 897 513 ——,
924 452 992 501 de
1019 451 1139 502 loco
1166 458 1278 502 non
1307 469 1624 518 numquam.
1704 451 1887 503 Velim
1916 451 2080 517 igitur

324 545 546 611 cogites.
630 546 766 611 Ego,
793 553 1060 612 quantum
1091 546 1175 595 his
1204 545 1545 611 temporibus
1573 553 1685 595 tam
1717 546 1941 596 eruditis
1964 546 2081 596 fieri

326 639 539 706 poterit,
587 639 838 705 profecto
881 639 1027 688 illam
1074 639 1412 689 consecrabo
1455 647 1605 689 omni
1647 656 1854 704 genere
1893 656 2080 689 monu-

324 740 633 783 mentorum
663 732 731 782 ab
762 732 1007 782 omnium
1037 732 1273 798 ingeniis
1304 739 1629 798 scriptorum
1660 741 1713 783 et
1744 734 2090 784 Graecorum

324 835 378 877 et
422 827 760 887 Latinorum,
806 843 947 892 quae
988 833 1075 876 res
1117 827 1349 876 forsitan
1398 828 1467 876 sit
1512 826 1838 892 refricatura
1879 826 2080 876 vulnus

324 937 523 970 meum.
632 920 742 972 Sed
782 920 890 970 iarn
932 920 1091 987 quasi
1129 927 1258 970 voto
1299 920 1538 986 quodam
1580 928 1633 970 et
1681 919 1953 986 promisso
1993 926 2081 970 me

323 1021 501 1065 teneri
554 1021 702 1080 puto,
759 1015 1099 1081 longumque
1159 1014 1292 1064 illud
1350 1022 1572 1080 tempus
1633 1031 1758 1064 curn
1818 1021 1927 1064 non
1988 1020 2081 1064 ero

326 1108 503 1174 magis
532 1115 618 1158 me
655 1116 840 1158 movet
877 1125 1043 1175 quam
1082 1109 1184 1158 hoc
1225 1108 1499 1174 exiguum,
1537 1108 1683 1174 quod
1724 1107 1858 1157 mihi
1894 1115 2079 1157 tamen

325 1201 553 1252 nimium
595 1202 823 1268 longum
863 1202 1093 1252 videtur.
1192 1202 1394 1252 Habeo
1433 1201 1580 1252 enim
1622 1201 1757 1251 nihil
1797 1207 2080 1267 temptatis

325 1295 488 1345 rebus
536 1295 791 1345 omnibus
838 1295 893 1345 in
941 1302 1051 1362 quo
1097 1277 1463 1362 ad'quiescam.
1565 1295 1711 1345 Nam
1765 1295 1894 1344 clum
1949 1295 2081 1345 illud

325 1389 629 1439 tractabam
684 1389 751 1439 de
804 1396 912 1455 quo
965 1389 1034 1439 ad
1082 1396 1136 1439 te
1183 1397 1311 1438 ante
1360 1397 1569 1454 scripsi,
1620 1388 1777 1455 quasi
1822 1389 2080 1438 fovebam

326 1483 542 1533 dolores
573 1489 755 1545 meos;
798 1499 945 1533 nunc
975 1483 1160 1533 omnia
1188 1489 1403 1548 respuo,
1436 1499 1537 1532 nec
1576 1481 1870 1548 quicquam
1905 1482 2083 1532 habeo
2118 1467 2126 1473 ⁵

325 1576 664 1626 tolerabilius
706 1594 869 1642 quam
920 1576 1289 1637 solitudinem,
1334 1593 1515 1642 quam,
1561 1576 1707 1642 quod
1754 1592 1903 1625 eram
1950 1575 2083 1625 veri-

325 1678 429 1731 tus,
473 1677 582 1720 non
624 1669 938 1720 obturbavit
985 1669 1287 1736 Philippus.
1372 1671 1517 1719 Nam
1559 1677 1618 1719 ut
1660 1670 1777 1719 heri
1818 1675 1904 1718 me
1945 1669 2082 1719 salsi-

325 1763 475 1824 tavit,
506 1763 690 1814 statim
724 1765 959 1814 Romam
989 1764 1273 1830 profectus
1302 1771 1398 1814 est.

446 1973 685 2024 XXXV.
765 1973 822 2023 A
876 1973 1193 2023 LETTER
1249 1973 1353 2024 OF
1408 1972 1962 2024 CONDOLENCE

408 2075 413 2083 ⁴
1020 2066 1197 2134 (Fam.
1229 2082 1277 2129 4.
1313 2065 1379 2134 5).

925 2204 1134 2244 Servius
1164 2203 1398 2244 Ciceroni
1427 2203 1476 2243 S.

400 2327 595 2378 Postea
634 2344 798 2394 quam
837 2326 971 2376 mihi
1011 2326 1386 2377 renuntiatum
1428 2334 1511 2376 est
1549 2326 1617 2375 de
1654 2325 1803 2375 obitu
1846 2325 2078 2386 Tulliae,

326 2421 473 2471 filiae
502 2429 644 2482 tuae,
677 2427 810 2471 sane
838 2438 1001 2487 quam
1035 2427 1133 2486 pro
1161 2427 1226 2471 eo
1259 2437 1321 2471 ac
1354 2419 1518 2470 debui
1554 2419 1795 2484 graviter
1833 2419 2080 2469 moleste-

327 2531 432 2580 que
484 2514 597 2575 tuli‚
649 2520 1110 2580 communemque
1165 2530 1286 2564 eam
1340 2512 1709 2562 calamitatem
1757 2511 2078 2572 existimavi,

329 2662 362 2702 7.
397 2662 568 2702 genere,
590 2651 742 2703 design,
766 2652 889 2702 plan.
949 2651 985 2690 8.
1017 2650 1181 2697 Cluati,
1233 2650 1538 2701 (Consolatz‘o);
1595 2650 1625 2687 it
1673 2662 1756 2687 was
1805 2662 1930 2687 never
1977 2648 2080 2699 pub-

327 2733 380 2758 an
429 2720 641 2759 architect.
731 2731 790 2759 11.
840 2719 982 2766 illam,
1030 2720 1179 2757 Tullia.
1227 2719 1373 2757 lished.
1439 2729 1500 2756 20.
1533 2728 1703 2769 respuo,
1737 2718 1983 2768 relz'nquislz.

332 2798 391 2838 13.
429 2788 491 2828 sit
515 2819 523 2828 .
550 2818 557 2826 .
586 2819 594 2826 .
621 2799 781 2834 meum,
819 2789 854 2826 is
888 2789 1015 2839 likely
1048 2794 1085 2826 to
1120 2802 1182 2826 re·
1292 2787 1477 2833 (XXXV.
1530 2787 1706 2824 written
1746 2786 1787 2823 in
1829 2786 1988 2832 March,
2029 2795 2079 2837 45

328 2863 427 2908 open
454 2871 521 2908 my
544 2858 708 2895 wound.
775 2857 833 2896 18.
867 2856 1001 2896 illud:
1038 2856 1182 2895 Cicero
1228 2866 1320 2902 B.C.‚
1351 2856 1404 2905 by
1436 2856 1599 2894 Servius
1631 2854 1847 2906 Sulpicius,
1879 2855 1949 2892 the
1982 2867 2080 2904 gov-

327 2925 412 2964 had
455 2925 593 2975 begun
639 2931 680 2964 to
720 2926 833 2963 write
878 2926 939 2963 for
983 2925 1047 2963 his
1091 2939 1183 2963 own
1229 2938 1349 2962 ernor
1385 2924 1431 2962 of
1461 2924 1633 2962 Achaia.
1713 2935 1748 2963 2.
1784 2934 1893 2962 sane
1933 2933 2080 2974 quam,

328 2994 464 3033 solace
492 3007 515 3032 a
542 2994 706 3032 treatise
734 2994 782 3032 de
811 2995 925 3032 luctu
952 2994 1183 3032 minuendo
1228 2993 1499 3044 exceedingly.
1531 3015 1582 3019 —
1612 3002 1691 3043 pro
1736 3002 1785 3032 eo
1828 3003 1894 3042 ac,
1939 3008 1978 3025 Ξ
2019 2996 2076 3030 ut.
