2242 3306
245 2188 291 2213 10

331 103 399 154 30
749 99 1290 140 CORRESPONDENCE
1328 100 1402 139 OF
1441 99 1663 139 CICERO.

332 245 558 305 Rornae,
598 244 705 294 iam
743 250 831 294 me
871 244 1103 311 adsequi
1137 250 1248 294 non
1286 251 1470 310 potes3
1514 251 1598 294 sin
1638 260 1697 294 es
1733 243 1789 294 in
1824 243 1927 306 via,
1959 260 2084 295 cum

329 338 435 388 eris
477 344 564 388 me
604 338 915 399 adsecutuS,
959 344 1144 388 coram
1188 343 1417 403 agemus
1461 354 1601 404 quae
1642 345 1802 388 erunt
1849 338 2080 404 agenda.

330 433 573 482 Tantum
616 438 668 481 te
708 438 804 482 oro
843 440 917 493 ut,
958 431 1218 498 quoniam
1260 438 1347 482 me
1388 431 1569 498 ipsum
1611 448 1830 498 semper
1871 438 2082 493 amasti,

331 526 524 576 eodem
566 532 751 576 amore
793 534 880 576 sis
964 526 1086 591 Ego
1135 525 1282 575 enim
1328 525 1474 575 idem
1522 542 1673 587 sum;
1728 525 1934 576 inimici
1979 533 2086 575 mei

332 636 453 669 mea
493 619 640 680 mihi,
680 626 791 670 non
834 625 920 669 me
959 619 1141 685 ipsum
1183 619 1520 670 ademerunt.
1604 620 1750 671 Cura
1786 627 1846 669 ut
1882 620 2081 670 valeas.

334 713 481 763 Data
508 729 623 763 VIII.
658 701 792 764 Idus
820 714 997 780 April.
1030 713 1267 764 Thuriis,

491 934 659 985 XIII.
740 934 907 984 THE
963 933 1209 984 EXILE
1261 933 1365 985 TO
1422 933 1558 985 HIS
1614 932 1928 983 FAMILY

1009 1031 1186 1099 (Fam.
1226 1048 1301 1097 14.
1333 1032 1405 1102 4).

468 1189 659 1229 Tullius
690 1189 739 1228 S.
775 1189 832 1227 D.
869 1188 1135 1228 Terentiae
1165 1191 1218 1228 et
1248 1188 1437 1228 Tulliae
1467 1191 1519 1227 et
1549 1188 1783 1228 Ciceroni
1812 1188 1943 1228 Suis.

408 1331 529 1396 Ego
575 1329 757 1379 minus
805 1345 972 1395 saepe
1020 1329 1092 1379 clo
1138 1329 1207 1379 ad
1250 1335 1348 1379 vos
1390 1329 1599 1379 litteras
1646 1346 1811 1396 quam
1858 1346 2085 1395 possum

333 1430 626 1491 propterea
663 1423 809 1490 quod
846 1440 971 1473 cum
1009 1422 1194 1473 onmia
1234 1422 1368 1472 mihi
1407 1431 1660 1489 tempora
1701 1430 1829 1473 sunt
1869 1423 2083 1485 misera,

332 1526 448 1569 tum
490 1524 635 1579 vero,
667 1534 791 1567 cum
831 1525 926 1567 aut
962 1516 1140 1567 scribo
1177 1517 1246 1566 ad
1282 1523 1380 1567 vos
1416 1524 1509 1567 aut
1544 1523 1757 1567 vestras
1794 1517 1932 1583 lego,
1964 1523 2087 1567 con-

332 1611 483 1662 ficior
523 1611 762 1662 lacrimis
803 1619 879 1661 sic
922 1618 981 1661 ut
1021 1611 1167 1661 ferre
1209 1617 1319 1660 non
1360 1610 1581 1676 possim.
1669 1610 1834 1677 Quod
1874 1610 2083 1660 utinam

332 1706 514 1755 minus
541 1713 687 1755 vitae
717 1704 902 1770 cupidi
929 1704 1257 1755 fuissemus!
1340 1705 1503 1756 Certe
1530 1703 1665 1754 nihil
1695 1712 1789 1754 aut
1816 1711 1926 1754 non
1954 1705 2087 1754 mul-

331 1806 456 1849 tum.
482 1799 537 1848 in
574 1804 685 1848 vita
723 1798 854 1847 mali
888 1798 1231 1848 vidissemus.
1315 1797 1479 1864 Quod
1517 1806 1562 1848 si
1597 1804 1697 1848 nos
1733 1798 1802 1848 ad
1843 1797 2083 1864 aliquam

332 1892 561 1943 alicuius
608 1891 883 1943 commodi
929 1891 1226 1958 aliquando
1271 1892 1618 1957 reciperandi
1660 1908 1814 1957 spem
1861 1891 2085 1941 fortuna

331 1986 647 2047 reservavit,
680 1985 860 2035 minus
891 1993 974 2036 est
1002 1991 1242 2036 erratum
1272 1991 1303 2035 a
1331 1985 1519 2047 nobis;
1563 1993 1609 2035 si
1636 1986 1772 2036 haec
1801 1986 1946 2035 mala
1973 1986 2086 2035 fixa

333 2086 474 2141 sunt,
507 2097 611 2145 ego
641 2086 772 2129 vero
807 2085 862 2129 te
896 2096 1060 2146 quam
1098 2088 1352 2145 primum,
1390 2096 1513 2129 mea
1549 2087 1673 2140 vita,
1709 2079 1871 2144 cupio
1898 2079 2085 2129 videre

334 2181 387 2223 et
427 2174 481 2223 in
518 2180 614 2224 tuo
650 2174 939 2239 complexi]
984 2179 1167 2233 emori,
1206 2173 1466 2239 quoniam
1507 2189 1687 2239 neque
1724 2173 1810 2233 dii,
1852 2179 1988 2238 quos
2024 2178 2081 2222 ti]

331 2267 635 2318 castissime
676 2267 906 2328 coluisti,
949 2283 1131 2334 neque
1172 2266 1438 2328 homines,
1482 2266 1679 2334 quibus
1720 2282 1824 2332 ego
1865 2282 2085 2333 semper

403 2423 530 2461 XIII.
574 2423 717 2461 Cicero
740 2428 864 2461 wrote
891 2423 972 2461 this
996 2422 1116 2461 letter
1144 2428 1185 2460 to

329 2492 392 2530 his
409 2492 515 2539 wife,
533 2505 621 2538 son,
640 2493 720 2530 and
745 2492 948 2541 daughter
967 2504 1011 2529 as
1033 2492 1084 2529 he
1104 2504 1186 2530 was

1232 2424 1347 2470 exile,
1379 2423 1468 2461 that
1498 2423 1551 2461 he
1582 2422 1665 2461 had
1701 2422 1984 2473 relinquished
2016 2428 2086 2460 out

1232 2492 1279 2530 of
1308 2492 1615 2530 consideration
1647 2491 1709 2529 for
1740 2491 1803 2529 his
1835 2491 1973 2540 family
2004 2492 2085 2529 and

329 2561 455 2599 about
490 2567 532 2599 to
568 2561 665 2599 take
706 2560 798 2612 ship
839 2567 879 2599 at
919 2561 1184 2599 Brundisium
1232 2562 1386 2600 friends
1438 2562 1501 2600 his
1561 2560 1767 2598 intention
1824 2566 1866 2598 to
1917 2560 2086 2598 commit

329 2630 391 2668 for
418 2630 735 2679 Dyrrhachium.
796 2629 904 2670 Suis
932 2629 1183 2679 (greeting),

327 2699 391 2737 lais
426 2699 539 2738 clear.
615 2709 650 2748 3.
684 2698 876 2745 vestras,
912 2711 967 2736 sc.
1004 2699 1177 2736 litteras.

1231 2631 1400 2669 suicide.
1469 2630 1508 2668 It
1553 2635 1660 2667 must
1705 2629 1757 2667 be
1801 2629 2086 2666 remembered

1228 2699 1318 2736 that
1348 2697 1505 2736 suicide
1529 2709 1612 2734 was
1641 2695 1886 2734 sanctioned
1917 2694 1970 2744 by
1994 2693 2082 2733 Cic-

327 2779 365 2816 4.
397 2767 518 2819 Quod
553 2766 755 2807 utinam:
799 2767 848 2805 cf.
886 2767 956 2805 the
994 2767 1184 2818 frequent

328 2836 439 2887 quod
453 2837 515 2880 sis
548 2836 692 2874 Cicero
714 2835 890 2873 laments
912 2835 1001 2873 that
1023 2836 1075 2873 he
1102 2836 1183 2873 had

328 2910 401 2943 not
429 2910 512 2943 met
541 2905 664 2942 death
696 2905 738 2942 in
769 2904 990 2942 resistance
1019 2909 1062 2942 to
1092 2903 1183 2942 Clo-

328 2973 431 3019 dius,
473 2986 518 3011 or
559 2985 603 3011 as
648 2973 690 3010 in
733 2973 852 3011 other
893 2972 1034 3011 letters
1078 2971 1184 3010 from

1230 2767 1335 2804 ero’s
1362 2765 1625 2816 philosophie
1656 2764 1791 2803 belief.
1850 2775 1887 2813 9.
1919 2762 2030 2809 Vita,
2061 2775 2085 2801 a

1230 2841 1333 2873 term
1362 2834 1408 2872 of
1435 2835 1705 2872 endearment
1734 2845 1927 2871 common
1957 2831 1999 2870 in
2025 2831 2083 2869 fa·

1230 2903 1361 2941 miliar
1388 2903 1522 2940 Latin.
1591 2912 1650 2940 11.
1681 2899 1939 2941 castissime
1969 2899 2084 2941 colu-

1230 2970 1324 3018 isti,
1359 2971 1464 3011 lzave
1503 2970 1738 3025 worsln'ped
1770 2975 1872 3010 most
1898 2969 2079 3020 piously.
