2242 3306
213 659 260 693 30

216 1123 261 1161 35

298 111 370 174 64
719 115 1259 157 CORRESPONDENCE
1298 114 1371 154 OF
1410 113 1632 153 CICERO.

301 271 461 314 mane
496 263 799 313 salutamus
833 261 982 311 domi
1016 268 1069 310 et
1105 260 1281 310 bonos
1309 258 1454 309 viros
1490 258 1706 319 nmltoS‚
1739 257 1836 307 sed
1865 264 2051 319 tristTS,

301 367 355 409 et
402 359 501 407 hos
548 358 721 407 laetos
767 355 1016 415 victores,
1068 362 1160 420 qui
1205 359 1291 402 me
1338 352 1559 419 quidem
1607 351 1949 417 perofficiose
2002 359 2056 401 et

1098 447 1211 498 Ubi
1263 445 1521 496 salutatio
1574 445 1813 506 defluxit,
1862 445 2054 496 litteris

300 552 388 595 me
430 545 679 605 involvo;
735 551 828 592 aut
875 542 1053 592 scribo
1100 549 1193 591 aut
1239 541 1377 605 lego.
1457 539 1707 590 Veniunt
1753 540 1917 590 etiam
1964 549 2056 607 qui

301 469 488 519 peram
497 458 653 500 anter
705 449 1014 499 observant.

302 646 388 689 me
435 638 666 688 audiunt
713 637 870 703 quasi
916 636 1140 686 doctum
1189 634 1484 695 hominem,
1534 633 1662 699 quia
1714 635 1880 700 paulo
1934 652 2055 684 sum

301 750 467 800 quam
510 732 615 798 ipsi
657 730 879 781 doctior.
962 729 1100 779 Inde
1143 736 1359 794 corpori
1401 745 1564 778 omne
1609 736 1830 794 tempus
1877 728 2052 779 datur.

305 826 541 877 Patriam
573 826 715 874 eluxi
742 824 848 873 iam
880 831 933 874 et
961 822 1182 889 gravius
1212 830 1266 872 et
1294 822 1498 872 diutius
1532 839 1695 889 quam
1736 823 1846 872 silla
1882 829 2058 872 mater

304 920 525 971 Unicum
572 919 762 969 filium.
849 917 960 969 Sed
1008 923 1153 977 cura,
1200 925 1245 966 si
1292 922 1378 966 me
1426 919 1594 977 amas,
1640 924 1700 966 ut
1740 917 1943 978 valeas,
1988 922 2058 965 ne

303 1031 407 1080 ego
436 1020 489 1064 te
518 1013 730 1063 iacente
761 1012 907 1062 bona
941 1019 1037 1061 tua
1074 1010 1359 1061 comedim.
1443 1011 1624 1062 Statui
1663 1010 1810 1060 enim
1851 1010 1949 1060 tibi
1989 1016 2058 1060 ne

303 1114 532 1175 aegroto
560 1106 782 1173 quidem
814 1122 1056 1172 parcere.

417 1301 607 1352 XXX.
688 1301 855 1351 THE
911 1299 1242 1350 PARDON
1300 1298 1403 1350 OF
1461 1298 1955 1350 MARCELLUS

903 1391 1074 1461 (from
1113 1393 1262 1442 Fam.
1299 1408 1346 1456 4.
1383 1390 1453 1459 4).

379 1527 510 1591 Uno
536 1545 589 1589 te
616 1537 863 1598 vicinum,
896 1537 1042 1603 quod
1071 1536 1138 1585 de
1170 1535 1434 1596 Marcelli,
1466 1535 1732 1600 conlegae
1760 1543 1852 1595 tui,
1885 1536 2060 1585 salfite

306 1634 473 1700 paulo
526 1640 655 1682 ante
710 1649 872 1698 quam
928 1637 985 1681 tsi
1044 1629 1434 1695 cognovimus3
1503 1628 1667 1679 etiam
1728 1629 2058 1690 mehercule,

306 1728 451 1794 quod
489 1744 651 1793 quem
691 1727 759 1776 ad
800 1726 1023 1776 modum
1065 1741 1129 1774 ea
1170 1730 1255 1773 res
1298 1730 1554 1788 ageretur
1580 1723 1830 1773 vidimus.
1915 1724 2060 1773 Nam

307 1831 382 1872 sic
423 1822 512 1871 fac
560 1820 851 1881 existimes,
896 1827 1021 1885 post
1069 1819 1168 1868 has
1218 1817 1479 1878 miserias,
1523 1817 1577 1866 id
1625 1825 1723 1877 est,
1767 1825 2061 1883 postquam

307 1923 470 1965 armis
501 1914 798 1980 disceptari
830 1920 1088 1978 coeptum
1127 1919 1210 1961 est
1247 1911 1313 1961 de
1350 1910 1466 1960 iure
1503 1910 1738 1976 puhlico,
1771 1910 1906 1959 nihil
1940 1927 2061 1960 esse

306 2015 490 2059 actum
521 2008 668 2058 aliud
702 2025 826 2058 cum
865 2006 1147 2072 dignitate.

1231 2005 1376 2054 Nam
1415 2012 1470 2054 et
1506 2004 1624 2071 ipse
1669 2005 1874 2055 Caesar
1910 2009 2063 2054 acci]-

308 2109 425 2152 sata
463 2101 762 2152 acerbitate
798 2100 1229 2151 Marcelli—sic
1271 2098 1417 2148 enim
1459 2098 2064 2164 appellabat—lauda-

308 2241 371 2278 26.
408 2240 673 2286 salutamus,
707 2245 850 2291 greet,·
891 2239 962 2276 the
1002 2237 1163 2275 visitors

308 2310 441 2347 called
484 2309 525 2346 in
567 2310 821 2347 accordance
863 2308 958 2345 with
1003 2312 1161 2344 custom

307 2384 349 2417 to
389 2391 469 2429 pay
504 2378 611 2416 their
645 2383 826 2429 respects
861 2383 902 2414 to
938 2376 1008 2414 the
1048 2381 1163 2424 great

307 2461 424 2495 man3
463 2448 544 2486 this
576 2447 721 2485 formal
752 2447 944 2496 morning
976 2446 1053 2483 call
1081 2458 1164 2483 was

309 2517 443 2555 called
473 2517 898 2556 &datalia—bonos
928 2514 1060 2561 viroS‚
1094 2516 1163 2552 the

866 2584 930 2622 28.
965 2583 1163 2630 defluxit,

529 2665 591 2704 31.
616 2653 796 2705 corpori,
820 2654 882 2691 i.e.
907 2658 948 2691 to
972 2652 1163 2698 exercise,

927 2732 989 2771 32.
1027 2720 1160 2768 eluxi,

310 2792 414 2829 have
445 2792 679 2835 monrned,·
724 2792 794 2829 the
830 2791 956 2841 prefix
993 2791 1166 2828 (lenotes

310 2585 505 2623 defeated
538 2585 798 2636 Pompeians.

312 2655 347 2692 is
367 2668 473 2692 over.

311 2724 381 2760 the
417 2723 530 2769 bath,
564 2725 644 2761 and
684 2723 843 2761 dinner.

312 2861 402 2899 that
442 2861 511 2898 the
552 2861 697 2911 period
742 2860 789 2898 of
828 2859 1050 2908 mourning
1094 2859 1168 2896 has

313 2930 419 2967 been
450 2929 697 2980 completed.
758 2940 821 2978 34.
853 2926 1084 2974 comedim,
1107 2933 1172 2964 eat

315 3004 383 3049 up.
448 3008 510 3050 35.
547 2998 738 3049 aegroto,
764 3015 801 3030 z
826 3010 958 3047 aegro.

1282 2235 1418 2272 XXX.
1465 2234 1643 2272 XVritten
1671 2234 1713 2271 in
1742 2233 1987 2284 September
2018 2245 2060 2270 or

1209 2304 1404 2349 October,
1435 2304 1488 2351 46
1518 2313 1610 2350 ΒΩ,
1646 2309 1687 2341 to
1724 2302 1888 2341 Servius
1929 2302 2063 2352 Sulpi-

1210 2374 1307 2419 cius,
1358 2374 1450 2410 who
1500 2386 1581 2410 was
1630 2372 1945 2421 administering
1993 2371 2063 2408 the

1750 2441 1808 2479 M.
1842 2439 2064 2478 Marcellus

1210 2512 1291 2549 had
1322 2512 1470 2560 during
1498 2511 1562 2548 his
1591 2510 1827 2560 consulship
1853 2509 1922 2560 (51
1948 2508 2058 2558 B.C.)

1209 2443 1404 2493 province
1438 2442 1484 2480 of
1512 2442 1683 2479 Achaia.

1210 2584 1353 2621 shown
1379 2582 1549 2620 himself
1575 2595 1597 2619 a
1628 2587 1735 2618 most
1766 2580 1888 2617 bitter
1917 2591 2063 2628 enemy

1211 2652 1257 2689 of
1282 2652 1445 2697 Caesar,
1475 2652 1555 2689 ancl
1588 2650 1699 2688 since
1733 2648 1951 2687 Pharsalus
1980 2647 2064 2685 had

1210 2720 1315 2756 been
1338 2719 1466 2766 living
1487 2718 1527 2755 in
1548 2717 1764 2766 voluntary
1788 2716 1890 2753 exile
1913 2721 1954 2753 at
1976 2716 2064 2765 My-

1209 2787 1348 2825 tilene.
1423 2797 1454 2825 Ι.
1495 2785 1606 2832 Uno,
1645 2786 1692 2822 z'n
1733 2799 1806 2822 one
1845 2789 2062 2834 respect.—

1213 2856 1432 2908 conlegae,
1470 2856 1512 2893 in
1548 2855 1618 2893 the
1655 2854 1892 2904 consulship
1934 2853 1979 2891 of
2016 2862 2062 2904 51

1214 2936 1295 2963 ΒΕ.
1321 2948 1376 2953 -—
1396 2924 1555 2970 salute,
1597 2923 1856 2961 restoralz‘on.
1944 2921 1981 2960 6.
2022 2921 2068 2960 et

1215 2994 1312 3045 ipse
1344 2993 1531 3034 Caesar:
1566 2993 1682 3030 there
1708 2993 1740 3030 is
1770 3005 1793 3030 a
1820 2991 1945 3042 slight
1970 3003 2068 3028 ana-
