2242 3306
585 154 796 194 CICERO
836 153 899 192 IN
939 153 1134 193 FAVOR
1175 153 1333 191 WITH
1374 151 1612 191 CAESAR.
1905 143 1967 205 85

220 318 336 351 ram
375 300 506 351 dare
544 298 897 350 constituisse
938 304 1004 348 eo
1044 298 1165 364 ipso
1208 297 1295 348 die
1337 303 1446 364 quo
1488 297 1555 347 de
1598 297 1650 346 P.
1698 295 1878 348 Sestio
1917 295 1971 346 in

221 394 507 447 consilium
549 402 615 443 iri
656 409 884 443 neeesse
927 400 1056 442 erat.
1154 391 1443 457 Respondi
1485 391 1638 440 nfillo
1683 390 1846 440 modo
1886 396 1974 439 me
2017 409 2059 446 15

221 490 407 539 facere
453 505 648 554 posse3
708 503 872 554 quern
918 487 1085 536 vellet
1131 485 1297 535 alium
1345 484 1485 535 diem
1538 492 1582 534 si
1627 483 1971 549 sfimpsisset‚

221 589 309 632 me
345 591 396 633 ei
431 588 541 632 non
579 581 914 632 defriti-irum.
998 579 1098 629 Ille
1136 586 1334 639 autem,
1375 586 1467 644 qui
1508 585 1670 628 sciret
1710 583 1768 627 se
1809 582 1973 643 nepo—

220 684 333 727 tem
375 676 581 727 bellurn
625 675 906 725 tibicinem
951 673 1155 723 habere
1199 681 1254 723 et
1298 680 1382 722 sat
1426 671 1630 722 bonum
1675 677 1970 731 cantorem,

222 769 475 820 discessit
502 775 533 819 a
562 775 663 830 me,
703 776 761 818 ut
800 767 934 817 mihi
965 766 1270 827 videbatur,
1304 765 1506 816 iratior.

222 864 322 914 dos
367 864 593 925 venalis,
643 862 809 912 alium
863 861 970 912 alio
1023 860 1377 928 nequiorem.’

222 975 447 1008 causam
506 965 561 1008 et
620 957 775 1007 istius
836 955 1105 1006 salaconis
1164 953 1526 1020 iniquitatem.

220 1059 377 1102 tuum
419 1050 556 1101 mihi
601 1050 771 1111 mitte,
819 1050 982 1116 cupio
1022 1048 1170 1099 enim
1215 1048 1414 1114 legere.

1590 765 1782 815 Habes
1823 768 1833 789 ‘
1854 764 1975 816 Sar-

1634 957 1645 977 ‘
1669 953 1938 1004 Catonem
1963 951 1972 969 '

1500 1047 1596 1097 Me
1639 1046 1820 1096 adhfic
1864 1050 1974 1094 non

222 1146 423 1212 legisse
463 1153 624 1212 turpe
665 1152 883 1211 utrique
926 1149 1176 1194 nostrfim
1219 1150 1317 1193 est.

258 1349 446 1399 XLII.

529 1346 824 1400 CICERO
881 1346 966 1396 IN
1023 1344 1300 1397 FAVOR
1344 1343 1564 1395 WITH
1622 1340 1940 1395 CAESAR

1474 859 1742 925 Cognosti
1793 874 1971 907 meam
2016 880 2061 903 20

868 1444 1042 1514 (Fam.
1087 1457 1128 1510 5.
1174 1459 1236 1496 10
1257 1444 1330 1515 b).

736 1589 972 1628 Vatinius
1002 1587 1237 1628 Ciceroni
1268 1586 1374 1626 Suo
1408 1585 1458 1626 S.

299 1719 421 1785 Ego
456 1725 582 1784 post
619 1715 1050 1783 supplicationes
1088 1713 1222 1764 mihi
1258 1713 1507 1764 decretas
1543 1712 1598 1763 in
1637 1710 1975 1762 Dalmatiam

224 1813 508 1880 profectus
542 1828 693 1872 sum3
738 1827 832 1860 sex
869 1809 1076 1876 oppida
1112 1816 1166 1858 vi
1206 1807 1587 1874 oppfignando
1627 1812 1763 1872 cepi,
1805 1811 1975 1854 finum

225 1907 342 1967 hoe,
393 1905 540 1973 quod
586 1912 703 1955 erat
750 1903 1062 1963 maximum,
1110 1909 1305 1968 quater
1356 1907 1387 1950 a
1440 1907 1527 1950 me
1579 1899 1686 1949 iam
1734 1906 1971 1964 captum.

226 2000 502 2067 Quattuor
537 1998 683 2049 enirn
720 2005 884 2048 turris
922 2004 977 2047 et
1013 2003 1276 2062 quattuor
1311 2000 1498 2044 mfiros
1535 1999 1657 2059 cepi
1696 2000 1750 2043 et
1794 2008 1975 2042 arcem

224 2101 414 2145 eorum
446 2099 634 2152 totam,
667 2108 732 2142 ex
764 2096 872 2157 qua
909 2096 996 2140 me
1032 2089 1202 2150 niveS,
1238 2089 1462 2154 frigora,
1498 2086 1701 2137 imbres
1737 2086 1976 2136 detrfise-
2016 2100 2037 2136 5

196 2180 352 2238 'runt
385 2186 737 2252 indigneque,
771 2192 845 2234 ini
878 2183 1085 2245 Cicero,
1118 2182 1384 2250 oppidum
1423 2189 1647 2248 captum
1682 2188 1735 2231 et
1770 2179 1974 2230 bellurn

230 2353 289 2391 14.
321 2340 367 2380 in
400 2339 636 2382 consilium
666 2337 735 2385 iri,
765 2339 856 2377 that
882 2339 946 2377 tlte
968 2337 1081 2390 jury

224 2411 373 2450 should
407 2410 628 2448 deliberate
667 2415 780 2459 upon
821 2408 872 2446 ils
905 2407 1076 2446 verdz'ct.

231 2479 290 2518 18.
339 2479 510 2518 bellum
552 2476 801 2523 tibicinem,
847 2490 872 2514 a
920 2476 1085 2529 skillful

218 2549 498 2600 flate-playa.
520 2570 573 2575 —
593 2545 680 2592 sat,
705 2563 744 2580 =
766 2546 866 2584 satis
876 2559 894 2590 ‚·
923 2545 1078 2598 fairly,

228 2617 487 2667 moderately.
567 2626 627 2665 19.
664 2615 832 2656 Sardos
865 2644 872 2652 .
913 2644 920 2652 .
961 2644 968 2652 .
1006 2624 1080 2653 ne-

228 2685 453 2737 quiorem:
516 2684 737 2724 Sardiniam
790 2684 922 2722 slaves
975 2696 1080 2721 were

227 2755 325 2793 held
356 2755 398 2793 in
428 2755 501 2793 but
530 2754 656 2804 slight
684 2759 838 2792 esteem
866 2758 907 2791 at
934 2752 1080 2791 Rome.

230 2834 292 2863 21.
333 2821 571 2870 salaconis,
615 2823 822 2874 braggart.
844 2844 899 2850 —
919 2819 1082 2872 iniqui-

227 2892 384 2940 tatem,
431 2891 832 2931 unreasonableness.
868 2913 922 2918 —-
951 2889 1082 2930 Cato-

228 2971 354 3001 nem:
390 2961 542 2999 Fadius
563 2960 646 2998 had
668 2960 795 2998 taken
816 2964 907 3010 part
937 2959 980 2996 in
1010 2959 1080 2997 the

227 3029 590 3085 pamphleteering
613 3042 696 3067 war
722 3028 857 3066 which
890 3027 1082 3066 followed

1126 2337 1196 2376 the
1236 2337 1361 2376 death
1403 2335 1449 2375 of
1488 2336 1591 2375 Cato
1631 2335 1714 2374 and
1758 2334 1800 2372 in
1839 2332 1977 2371 which

1125 2407 1270 2445 Cicero
1302 2406 1384 2445 and
1416 2406 1563 2443 Brutus
1594 2405 1677 2443 had
1707 2403 1793 2442 also
1815 2402 1977 2441 written

1125 2475 1290 2532 onthe
1331 2488 1410 2513 one
1450 2475 1551 2520 side,
1588 2474 1670 2511 and
1709 2473 1859 2511 Caesar
1894 2471 1977 2509 and

1126 2544 1288 2582 Hirtius
1321 2557 1374 2581 on
1406 2544 1476 2581 the
1507 2543 1637 2580 other.

1198 2613 1337 2651 XLII.
1387 2612 1587 2657 Vatinius,
1633 2611 1702 2649 the
1754 2621 1976 2660 unscrupu-

1125 2682 1214 2720 lous
1249 2681 1333 2720 tool
1369 2681 1415 2719 of
1444 2681 1606 2727 Caesar,
1637 2692 1720 2718 was
1754 2692 1847 2716 now
1876 2690 1974 2728 gov-

1127 2764 1246 2789 ernor
1263 2750 1310 2788 of
1326 2750 1548 2800 illyricum.
1591 2749 1734 2787 Cicero
1753 2748 1835 2785 had
1856 2747 1977 2785 made

1127 2834 1150 2858 a
1171 2820 1295 2858 bitter
1317 2819 1456 2857 attack
1486 2832 1597 2869 upon
1627 2818 1713 2856 him
1744 2817 1786 2854 in
1816 2816 1865 2868 56
1890 2825 1972 2854 B.C.

1126 2889 1168 2927 in
1190 2889 1260 2927 the
1290 2889 1437 2926 Oratio
1466 2889 1513 2925 in
1547 2887 1782 2932 Vatinium,
1804 2886 1877 2923 but
1898 2890 1978 2922 two

1125 2971 1241 3008 years
1267 2957 1369 2996 later
1398 2956 1604 2995 defended
1631 2955 1715 2993 him
1743 2960 1784 2992 at
1814 2954 1883 2992 the
1914 2965 1977 2990 ur-

1126 3032 1226 3078 gent
1247 3031 1410 3078 request
1439 3025 1485 3063 of
1510 3025 1672 3071 Caesar,
1702 3024 1743 3062 in
1771 3036 1795 3062 a
1824 3021 1978 3074 speech
