2242 3306
741 145 780 184 A
819 145 1118 184 FAITHFUL
1157 144 1391 183 FRIEND.
1876 147 1946 200 97

197 290 512 342 desciscam.
597 290 916 355 Numquam
954 288 1099 339 enim
1137 289 1428 338 honestam
1466 295 1698 338 mortem
1735 288 1948 353 fugien-

195 384 338 446 dam,
378 400 544 449 saepe
585 383 749 433 etiam
791 381 1164 448 oppetendam
1209 387 1410 446 putavi.
1493 381 1602 432 Sed
1644 380 1774 447 quid
1816 381 1948 430 mihi

196 483 522 528 suscensent
551 485 594 526 si
621 476 675 526 id
704 482 850 541 opte,
882 483 940 525 ut
969 474 1249 541 paeniteat
1278 481 1371 524 ees
1405 482 1489 524 sui
1520 474 1691 524 facti?
1770 473 1948 539 Cupie

195 571 341 621 enim
396 569 648 622 Caesaris
701 576 932 619 mortem
985 567 1239 618 omnibus
1292 584 1413 617 esse
1467 566 1736 617 acerbam.
1839 567 1948 617 ‘At

196 664 371 714 debee
406 670 507 729 pre
542 663 686 713 civili
721 669 879 728 parte
915 678 1030 711 rem
1068 661 1346 727 publicam
1379 661 1519 711 velle
1558 660 1798 710 salvam.’
1881 660 1946 710 Id

196 757 417 824 quidem
448 763 535 806 me
563 772 780 822 cupere,
814 754 917 805 nisi
944 762 998 804 et
1026 762 1153 804 ante
1190 760 1313 804 acta
1340 762 1453 804 vita
1489 761 1543 804 et
1579 753 1789 819 reliqua
1826 769 1948 803 mea

196 857 325 916 spes
364 857 584 901 tacente
625 855 713 899 me
755 848 967 915 probat,
1011 847 1245 898 dicende
1284 847 1506 897 vincere
1551 853 1662 897 nen
1709 847 1942 913 postule.

197 944 322 1011 Qua
367 950 426 993 re
472 942 732 992 maierem
776 942 831 992 in
875 942 1099 992 modum
1145 947 1198 991 te
1239 947 1376 1006 roge
1416 948 1477 990 ut
1519 957 1635 990 rem
1679 940 1946 1006 potiorem

195 1037 441 1088 eratiene
488 1037 658 1087 dficas
705 1035 963 1101 mihique,
1013 1043 1060 1084 si
1101 1043 1271 1085 sentis
1315 1034 1572 1100 expedire
1620 1039 1767 1083 recte
1813 1033 1943 1094 fieri,

195 1131 387 1181 credas
425 1130 633 1180 nfillam
670 1128 1115 1180 communienem
1154 1145 1277 1178 cum
1318 1128 1580 1194 improbis
1614 1144 1736 1177 esse
1765 1143 1943 1193 posse.

195 1225 290 1276 An
337 1224 486 1291 quod
532 1224 857 1274 adulescens
906 1222 1169 1289 praestiti,
1215 1239 1338 1272 cum
1383 1220 1546 1271 etiam
1595 1227 1776 1271 errare
1823 1237 1946 1270 cum

195 1317 548 1370 exciisatiene
596 1333 833 1383 possem,
876 1316 931 1366 id
977 1332 1124 1366 nunc
1173 1321 1354 1365 aetate
1399 1314 1761 1381 praecipitata
1807 1331 1948 1365 com-

194 1418 403 1462 mutem
441 1428 504 1462 ac
541 1417 628 1461 me
664 1410 782 1476 ipse
819 1409 1101 1461 retexam?
1181 1409 1307 1459 Nen
1347 1408 1548 1459 faciam
1586 1424 1766 1474 neque
1801 1407 1947 1474 quod

196 1505 485 1572 displiceat
525 1504 880 1565 committam,
920 1511 1306 1570 praeterquam
1348 1502 1494 1568 quod
1535 1502 1773 1552 hominis
1814 1501 1948 1551 mihi

195 1599 630 1650 coniunctissimi
668 1615 731 1648 ac
771 1598 873 1648 viri
913 1597 1239 1663 amplissimi
1277 1596 1437 1646 dolee
1472 1612 1698 1662 gravem
1741 1601 1944 1646 casum.

196 1693 362 1760 Quod
391 1700 436 1743 si
464 1692 620 1743 aliter
648 1708 827 1742 essem
866 1690 1154 1749 animatus,
1187 1706 1490 1756 numquam
1525 1689 1673 1756 quod
1704 1689 1947 1739 facerem

195 1793 473 1853 negarem,
504 1792 574 1837 ne
602 1794 656 1836 et
683 1785 738 1835 in
767 1785 1052 1851 peccande
1080 1784 1363 1851 improbus
1392 1791 1446 1834 et
1468 1782 1522 1833 in
1551 1782 1949 1833 dissimulande

193 1880 418 1932 timidus
447 1897 509 1931 ac
537 1885 712 1931 vanus
742 1879 1095 1929 existimarer.
1179 1878 1288 1929 ‘At
1324 1877 1482 1927 ludes
1520 1883 1657 1944 ques
1695 1875 1948 1928 Caesaris

194 1974 456 2026 victeriae
485 1974 692 2026 Caesar
721 1973 1046 2023 adulescens
1074 1971 1206 2023 fecit
1239 1970 1456 2022 cursivis
1538 1969 1618 2020 At
1652 1969 1706 2020 id
1744 1969 1813 2020 ad
1846 1976 1948 2035 pri-

194 2074 384 2119 vatum
432 2067 687 2129 officium,
738 2073 847 2117 nen
895 2066 964 2116 ad
1008 2073 1208 2116 statum
1259 2072 1337 2115 rei
1383 2063 1637 2131 psiblicae
1691 2063 1943 2130 pertinet.

198 2161 363 2228 Quod
415 2169 601 2212 tamen
649 2166 850 2210 munus
897 2167 953 2210 et
998 2158 1237 2210 hominis
1284 2157 1600 2208 amicissimi
1651 2156 1948 2207 memoriae

197 2263 361 2321 atque
402 2254 701 2305 honoribus
745 2258 1026 2320 praestare
1069 2252 1233 2302 etiam
1282 2259 1482 2301 mortui
1520 2249 1684 2300 debui
1723 2257 1775 2299 et
1816 2248 1950 2315 opti-

199 2365 320 2399 mae
350 2356 469 2415 spei
497 2348 839 2398 adulescenti
874 2363 937 2397 ac
975 2345 1300 2411 dignissime
1341 2345 1579 2396 Caesare
1615 2351 1825 2410 petenti
1861 2358 1950 2392 ne-

197 2529 263 2579 46.
299 2539 378 2580 pro
413 2527 539 2569 civili
571 2527 714 2580 parte,
750 2541 797 2566 as
829 2541 855 2566 a
890 2527 1048 2566 citizen,
1101 2540 1127 2564 a
1148 2526 1247 2565 liar.
1308 2535 1371 2577 59.
1402 2524 1555 2565 ludos:
1591 2524 1660 2563 the
1682 2524 1799 2562 Ludi
1827 2524 1951 2562 Victo-

198 2609 265 2649 47.
299 2596 485 2649 reliqua,
496 2599 573 2651 for
593 2598 832 2651 llzeszflure.
893 2607 955 2647 50.
981 2606 1053 2635 ex·
1102 2596 1196 2633 riae
1231 2595 1422 2633 Caesaris
1452 2607 1497 2632 or
1526 2594 1641 2632 Lua'z‘
1678 2594 1847 2632 Veneris
1879 2593 1952 2630 Ge-

197 2666 352 2718 pedire
399 2668 515 2706 recte
563 2665 674 2713 fieri,
722 2667 757 2704 it
803 2667 837 2704 z's
889 2666 1053 2716 expedi·
1104 2665 1277 2703 metricis
1308 2665 1390 2703 had
1425 2664 1530 2702 been
1561 2664 1707 2702 vowed
1742 2663 1794 2712 by
1823 2662 1954 2713 Julius

199 2741 271 2774 ent
306 2735 395 2773 llzat
430 2736 493 2774 tlze
532 2735 646 2786 ragrlzt
682 2734 831 2772 should
864 2736 1050 2786 prevaz'l.
1103 2737 1254 2773 Caesar
1283 2740 1323 2771 at
1354 2733 1584 2779 Pharsalus,
1607 2733 1688 2770 and
1711 2744 1815 2769 were
1847 2730 1954 2768 cele-

201 2814 264 2856 53.
300 2802 619 2855 praecipitata,
655 2804 692 2842 z's
724 2803 929 2854 drawing
957 2810 993 2842 to
1028 2817 1054 2842 a
1103 2805 1246 2842 brated
1270 2803 1350 2840 this
1371 2815 1466 2852 year
1484 2801 1535 2851 by
1553 2800 1753 2840 Octavian
1773 2799 1957 2849 (Caesar

201 2873 308 2910 close.
392 2882 456 2923 54.
490 2882 562 2911 me
603 2870 702 2923 ipse
741 2873 956 2919 retexam,
996 2873 1054 2911 be·
1102 2870 1374 2919 adulescens).
1445 2869 1510 2918 64.
1541 2867 1811 2920 dignissimo
1851 2866 1955 2907 Cae-

200 2954 306 2979 come
335 2941 510 2979 another
539 2954 654 2980 man.
719 2940 782 2993 58.
814 2940 1055 2992 improbus,
1102 2951 1225 2980 sare:
1261 2939 1416 2977 Matius
1437 2951 1518 2976 was
1540 2937 1736 2986 thinking
1764 2936 1810 2974 of
1832 2935 1956 2975 Octa-

199 3009 402 3057 timidus,
423 3021 580 3057 vanus,
602 3024 628 3049 a
650 3011 798 3056 lenam,
824 3024 849 3048 a
877 3010 1056 3057 coward,
1101 3009 1197 3048 vian
1232 3021 1275 3047 as
1315 3007 1501 3047 Caesar's
1536 3006 1720 3057 adopted
1759 3017 1834 3043 son
1874 3004 1958 3043 and

474 3089 568 3117 con.
601 3089 656 3117 oF
686 3089 869 3130 cun—7

1987 584 2031 619 45

1987 1057 2034 1094 50

1988 1517 2034 1555 55

1991 1980 2038 2016 60
