2242 3306
466 122 792 162 TREBATIUS
831 122 911 160 AN
953 122 1354 161 INDIFFERENT
1394 122 1660 161 SOLDIER.
1881 124 1946 178 57

195 267 342 335 quod
370 274 577 333 negent
603 272 658 317 te
686 266 1141 332 percontantibus
1178 267 1528 332 respondere.
1612 266 1721 318 Sed
1758 275 1945 317 tamen

194 369 278 412 est
306 361 453 428 quod
489 361 750 426 gaudeas,
832 361 1065 411 Constat
1102 360 1247 410 enim
1281 360 1423 410 inter
1459 368 1636 411 omnis
1670 360 1946 411 neminem

194 463 248 505 te
278 472 387 505 uno
417 454 836 506 Samarobrivae
865 454 995 504 iuris
1025 454 1340 520 peritiorem
1369 470 1503 504 esse.

194 645 372 695 XXV.
454 644 914 696 TREBATIUS
969 644 1082 694 AN
1140 644 1703 695 INDIFFERENT
1760 643 1948 696 SOL-

669 743 866 791 DIER
916 738 1092 808 (Fam.
1128 754 1171 805 7.
1213 756 1287 791 10.
1327 757 1366 802 Ι,
1401 742 1470 809 2).

695 878 766 916 M.
804 877 982 917 Cicero
1015 877 1064 916 S.
1100 878 1157 915 D.
1193 877 1449 916 Trebatio.

269 999 409 1065 Legi
447 1004 570 1049 tuas
611 998 837 1059 litteram,
878 1015 944 1048 ex
984 998 1181 1064 quibus
1223 998 1465 1048 intellexi
1503 1004 1556 1048 te
1598 998 1824 1050 Caesari
1858 1014 1948 1049 no-

194 1100 308 1144 stro
334 1093 495 1143 valde
532 1093 647 1142 iure
685 1093 996 1143 consultum
1024 1092 1208 1142 videri.
1293 1093 1393 1143 Est
1430 1091 1574 1158 quod
1613 1092 1857 1158 gaudeas
1893 1098 1948 1142 te

193 1188 248 1238 in
285 1187 390 1237 ista
426 1187 545 1237 loca
581 1186 800 1237 venisse
838 1186 932 1236 ubi
968 1187 1173 1253 aliquid
1214 1203 1410 1252 sapere
1440 1186 1701 1236 viderere.
1783 1185 1947 1252 Quod

194 1290 240 1331 si
265 1281 320 1330 in
353 1280 694 1331 Britanniam
725 1297 944 1347 quoque
978 1281 1263 1346 profectus
1299 1286 1466 1340 esseS‚
1499 1280 1750 1345 profecto
1786 1285 1949 1329 nemo

193 1375 248 1425 in
277 1374 367 1424 illa
395 1380 549 1424 tanta
575 1374 753 1424 insula
783 1373 1008 1440 peritior
1043 1380 1098 1424 te
1134 1373 1346 1424 fuisset.
1426 1374 1635 1424 Verum
1673 1380 1943 1423 tamen—

193 1468 471 1519 rideamus
518 1467 659 1529 licet,
710 1485 831 1518 sum
879 1467 1025 1518 enim
1070 1474 1101 1517 a
1146 1474 1201 1517 te
1247 1466 1948 1517 invitatus—subinvideo

192 1561 305 1623 tibi,
350 1562 492 1612 ultro
531 1561 697 1612 etiam
739 1569 1062 1612 arcessitum
1104 1561 1172 1611 ab
1213 1568 1278 1611 eo
1316 1561 1385 1610 ad
1427 1577 1589 1627 quem
1631 1566 1799 1611 ceteri
1837 1566 1947 1610 non

194 1663 422 1722 propter
462 1655 778 1721 superbiam
820 1655 948 1714 eius,
991 1655 1088 1705 sed
1130 1662 1357 1721 propter
1397 1653 1817 1720 occupationem
1859 1653 1947 1703 ad-

195 1755 402 1815 spirare
431 1756 541 1799 non
571 1756 819 1815 possunt.
902 1749 1014 1800 Sed
1048 1755 1106 1799 tsi
1145 1749 1200 1798 in
1237 1748 1341 1798 ista
1378 1748 1614 1814 epistula
1647 1747 1781 1796 nihil
1814 1746 1948 1796 mihi

195 1842 465 1909 scripsisti
492 1843 559 1892 de
587 1851 695 1893 tuis
725 1842 902 1903 rebUS‚
935 1859 1076 1909 quae
1106 1842 1421 1892 mehercule
1451 1841 1586 1891 mihi
1614 1848 1723 1890 non
1752 1839 1949 1890 minori

193 1943 358 1987 curae
407 1945 535 1986 sunt
579 1953 743 2002 quam
791 1953 962 1986 meae.
1068 1936 1246 1987 Valde
1293 1942 1478 1986 metuo
1524 1941 1592 1984 ne
1639 1935 1844 1999 frigeas
1891 1933 1946 1983 in

194 2030 451 2081 hibernis.
552 2030 735 2096 Quam
789 2030 857 2080 ob
910 2047 1026 2080 rem
1080 2036 1295 2080 camino
1346 2029 1627 2079 luculento
1680 2027 1945 2077 Utendum

193 2131 423 2186 cense63
478 2124 621 2174 idem
675 2124 864 2174 Mucio
910 2132 964 2174 et
1019 2123 1249 2174 Manilio
1302 2123 1571 2189 placebat,
1622 2120 1944 2188 praesertim

193 2227 287 2285 qui
326 2226 474 2284 sagis
515 2225 625 2268 non
667 2217 990 2268 abundares.
1091 2218 1443 2284 Quamquam
1491 2223 1588 2267 vos
1632 2233 1779 2266 nunc
1826 2216 1945 2266 istic

193 2312 325 2362 satis
365 2312 543 2362 calere
581 2311 758 2372 audio,
800 2318 907 2378 quo
948 2311 1169 2378 quidem
1208 2311 1402 2361 nuntio
1437 2311 1598 2360 valde
1633 2309 1945 2360 mehercule

191 2448 386 2498 supplied
411 2448 512 2486 willa
548 2461 702 2498 money.
771 2458 832 2486 ΙΙ.
870 2447 1073 2499 respon-¹
1099 2459 1159 2486 12.
1188 2446 1360 2487 camino
1388 2446 1625 2492 luculento,
1648 2459 1672 2483 cz
1696 2446 1831 2496 lariglzt
1843 2444 1944 2497 fire,

192 2517 307 2563 dere,
336 2530 360 2554 a
388 2530 501 2567 sorry
527 2530 624 2568 pun,
652 2531 819 2555 allswel‘
844 2518 1049 2568 questions
1094 2516 1267 2566 literally
1287 2522 1401 2554 slove.
1467 2526 1527 2565 13.
1550 2514 1669 2554 idem
1692 2543 1699 2552 .
1729 2543 1736 2551 .
1766 2543 1773 2551 .
1800 2513 1944 2564 place-

192 2587 274 2624 and
298 2587 396 2636 give
422 2586 577 2632 advice,
606 2586 648 2624 in
677 2586 747 2624 the
778 2586 898 2624 latter
929 2599 1047 2624 sense
1093 2586 1194 2624 bat:
1230 2585 1374 2623 Cicero
1406 2585 1506 2622 cites
1537 2589 1617 2621 two
1649 2583 1807 2620 famous
1837 2581 1943 2631 legal

192 2668 214 2692 a
235 2654 344 2704 legal
365 2660 482 2693 term.
1094 2655 1346 2692 authorities.
1410 2664 1469 2702 14.
1501 2651 1648 2703 sagis:
1684 2651 1754 2689 the
1784 2664 1944 2701 sagum,

265 2725 400 2762 XXV.
443 2735 478 2763 2.
506 2723 599 2764 iure
630 2723 897 2770 consultum,
920 2741 958 2757 Ξ
981 2725 1046 2762 iu·
1093 2724 1288 2773 mililmy
1323 2722 1446 2769 cloale,
1481 2734 1564 2759 was
1604 2720 1866 2758 emblematic
1903 2719 1950 2757 of

192 2793 255 2830 ris
277 2794 455 2843 perilm.
526 2793 562 2831 6.
597 2792 862 2834 subinvideo
892 2792 992 2839 tibi,
1024 2794 1053 2830 l
1093 2806 1187 2838 war,
1210 2805 1252 2830 as
1283 2793 1352 2829 the
1383 2797 1469 2841 toga
1496 2803 1578 2828 was
1609 2789 1870 2827 emblematic
1902 2787 1950 2826 of

192 2874 262 2899 am
284 2875 309 2899 a
332 2863 391 2900 bit
409 2863 580 2901 envz'ous
602 2864 760 2914 osyozc.
821 2873 856 2913 7.
887 2872 950 2907 eo,
978 2862 1040 2900 i.e.
1092 2874 1235 2912 peace,
1277 2862 1358 2899 and
1398 2860 1543 2898 Cicero
1583 2871 1676 2908 may
1710 2859 1761 2896 be
1797 2857 1944 2908 joking

192 2931 353 2969 Caesar.
413 2931 450 2970 8.
481 2930 726 2983 adspirare,
754 2932 795 2969 in
827 2932 896 2970 the
927 2944 1045 2969 sense
1089 2930 1306 2968 Trebatius
1332 2942 1442 2980 upon
1469 2928 1531 2966 his
1560 2926 1870 2966 (lisinclination
1901 2931 1943 2964 to

191 2999 233 3037 in
250 2999 386 3038 which
408 3000 477 3039 the
501 3001 608 3054 Eng.
632 3001 853 3039 derivative
876 3000 908 3038 is
930 3001 1044 3041 used.
1090 3012 1184 3038 war.
1247 3008 1307 3053 15.
1329 2998 1493 3038 calere:
1527 2997 1641 3038 word
1661 2996 1745 3036 had
1765 2995 1944 3036 reached
