2242 3306
613 117 736 156 THE
776 117 1028 157 MURDER
1069 119 1140 158 oF
1181 116 1546 159 MARCELLUs.
1890 108 1951 162 81

205 261 469 323 eiusdiei,
500 279 625 313 cum
663 262 731 312 ab
769 263 1008 313 Athenis
1045 264 1318 329 proficisci
1357 264 1411 314 in
1453 264 1636 315 animo
1676 265 1952 327 haberem,

204 355 419 407 circiter
447 356 580 406 hora
610 356 824 425 decima
852 356 1029 406 noctis
1062 357 1113 406 P.
1149 358 1477 419 Postumius,
1508 358 1793 408 familiaris
1823 359 1952 421 eius,

205 450 274 499 ad
303 455 390 499 me
417 449 566 500 venit
604 457 657 499 et
694 449 827 499 mihi
860 450 1134 500 nuntiavit
1174 452 1248 500 M.
1293 452 1634 513 Marcellum,
1666 452 1954 517 conlegam

203 550 467 604 nostrum,
494 551 620 609 post
649 549 820 593 cenae
849 551 1071 609 tempus
1100 561 1130 593 a
1162 545 1215 594 P.
1245 532 1436 610 Magio
1466 545 1672 606 Cilone,
1699 546 1956 596 familiari

204 636 335 697 eius,
368 636 610 703 pugione
639 653 964 703 percussum
1002 654 1125 688 esse
1163 646 1218 688 et
1254 638 1362 688 duo
1390 639 1619 688 vulnera
1656 640 1950 705 accepisse,

204 736 373 779 finum
402 730 456 780 in
487 731 786 791 stomacho,
819 731 1053 781 alterurn
1082 731 1136 781 in
1171 731 1352 797 capite
1390 732 1695 782 secundum
1733 750 1951 794 aurem2

203 830 426 889 sperare
472 832 659 874 tamen
706 841 831 874 eum
878 833 1063 875 vivere
1110 842 1306 891 posse3
1364 826 1613 892 Magium
1668 832 1726 876 se
1771 826 1952 892 ipsun]

201 916 546 968 interfecisse
584 924 807 984 postea;
852 924 910 968 se
946 924 977 968 a
1018 919 1283 969 Marcello
1324 919 1393 969 ad
1433 925 1520 969 me
1560 919 1789 970 missum
1833 936 1953 970 esse

202 1019 295 1078 qui
331 1011 467 1062 haec
504 1011 784 1061 nuntiaret
821 1020 875 1062 et
912 1018 1133 1077 rogaret
1173 1020 1253 1062 uti
1291 1012 1532 1063 medicos
1573 1021 1624 1063 ei
1662 1013 1949 1064 mitterem.

203 1105 399 1172 Itaque
448 1105 690 1156 medicos
738 1112 896 1171 coegi
940 1113 995 1156 et
1041 1112 1070 1156 6
1109 1106 1346 1172 vestigio
1391 1112 1458 1157 eo
1504 1123 1624 1156 sum
1668 1108 1953 1173 profectus

201 1205 377 1266 prima
419 1199 555 1250 luce.
638 1200 779 1251 Cum
826 1206 936 1250 non
984 1200 1147 1266 longe
1193 1206 1224 1250 a
1272 1201 1463 1250 Piraeo
1503 1200 1772 1262 abessem,
1816 1218 1955 1268 puer

201 1293 426 1343 Acidini
454 1292 669 1343 obviam
701 1293 837 1343 mihi
863 1293 1015 1343 venit
1043 1310 1165 1344 curn
1202 1293 1478 1354 codicillis,
1510 1293 1565 1343 in
1603 1293 1800 1360 quibus
1838 1303 1955 1345 erat

201 1394 467 1452 scriptum
491 1387 657 1453 paulo
680 1395 808 1437 ante
832 1387 1012 1437 lucem
1039 1387 1367 1438 Marcellum
1391 1387 1534 1438 diem
1565 1404 1724 1438 suum
1754 1388 1948 1439 obisse.

202 1480 288 1530 Ita
333 1480 415 1530 vir
461 1480 799 1531 clarissimus
853 1481 921 1530 ab
976 1481 1198 1531 homine
1252 1481 1548 1531 deterrimo
1600 1481 1953 1533 acerbissima

199 1581 374 1624 morte
421 1582 506 1625 est
552 1575 822 1636 adfectuS,
866 1582 921 1625 et
967 1575 1053 1625 cui
1099 1575 1305 1625 inimici
1351 1583 1577 1641 propter
1624 1575 1950 1641 dignitatem

198 1676 579 1734 pepercerant,
611 1668 868 1719 inventus
898 1676 982 1719 est
1010 1677 1217 1719 amicus
1247 1677 1338 1735 qui
1368 1677 1418 1718 ei
1444 1676 1677 1719 mortem
1707 1670 1947 1720 offerret.

201 1762 323 1828 Ego
351 1770 538 1812 tamen
567 1762 636 1812 ad
665 1762 1084 1813 tabernaculum
1119 1762 1234 1813 eius
1272 1768 1498 1828 perrexi.
1583 1762 1779 1813 Inveni
1814 1763 1951 1814 duos

196 1855 421 1906 libertos
451 1864 505 1906 et
532 1856 799 1922 pauculos
834 1863 1055 1919 servos3
1098 1856 1338 1923 reliquos
1376 1856 1597 1907 aiebant
1636 1856 1951 1923 profugisse

197 1956 346 2000 metu
389 1950 710 2016 perterritos
752 1950 898 2017 quod
939 1950 1196 2001 dominus
1239 1957 1427 2001 eorum
1467 1957 1594 2000 ante
1630 1950 1952 2001 tabernacu-

196 2044 308 2094 lum
337 2043 665 2095 interfectus
695 2052 856 2095 esset.
915 2043 1154 2094 Coactus
1185 2061 1305 2094 sum
1334 2043 1388 2093 in
1419 2044 1613 2094 eadem
1641 2043 1730 2094 illa
1758 2044 1951 2095 lectica

196 2144 305 2206 qua
330 2138 449 2205 ipse
478 2138 694 2189 delatus
722 2155 871 2189 eram
900 2146 1148 2205 meisque
1177 2138 1468 2188 lecticariis
1502 2138 1556 2188 in
1594 2138 1784 2188 urbem
1823 2155 1948 2189 eum

195 2302 266 2341 the
305 2315 449 2341 names
484 2302 531 2341 of
565 2308 697 2341 towns
732 2303 815 2341 and
855 2302 901 2341 of
935 2301 1053 2341 small

194 2371 362 2411 islands.
441 2382 500 2411 12.
543 2371 758 2412 circiter.
798 2401 805 2409 .
846 2401 854 2410 .
893 2370 1051 2418 noctis,

194 2441 264 2480 i.e.
296 2441 488 2480 between
521 2447 602 2480 two
635 2442 718 2480 and
754 2441 869 2479 three
905 2441 948 2479 in
980 2441 1050 2479 the

194 2510 399 2560 morning.
474 2521 534 2559 14.
565 2520 698 2550 cenae
730 2510 937 2562 tempus:
979 2510 1050 2548 the

194 2579 343 2617 dinner
363 2579 467 2618 hour
489 2585 529 2618 at
553 2581 686 2618 Rome
703 2592 786 2618 was
808 2579 1050 2631 apparently

194 2648 320 2686 about
343 2648 540 2700 half-past
563 2649 691 2687 three.
761 2658 821 2700 15.
842 2647 1048 2699 pugione,

194 2717 354 2769 dagger.
418 2718 478 2757 16.
501 2717 757 2764 secundum,
767 2718 866 2769 just
883 2717 1044 2756 behind.

194 2796 257 2823 20.
289 2797 312 2825 e
341 2785 555 2838 vestigio,
584 2803 623 2820 Ξ
651 2788 804 2833 statim,
834 2787 1042 2824 continuo.

195 2865 258 2893 22.
275 2854 468 2902 Acidini,
486 2856 687 2907 probably
705 2856 774 2894 the
795 2869 936 2906 young
952 2869 1047 2894 man

193 2924 434 2963 mentioned
459 2925 502 2963 in
530 2938 553 2963 a
582 2925 772 2976 previous
802 2925 921 2963 letter
952 2938 995 2963 as
1026 2938 1049 2962 a

193 2993 362 3032 student
401 2999 443 3032 at
476 2994 652 3033 Athens.
673 3017 728 3022 —
749 2992 980 3040 codicillis,
1022 3007 1047 3031 a

467 3073 562 3101 COR.
595 3073 650 3101 OF
679 3063 866 3101 C1c.—6

1100 2308 1198 2341 note.
1259 2311 1322 2354 25.
1345 2300 1540 2341 inimici:
1573 2301 1723 2340 Caesar
1743 2302 1777 2340 is
1797 2308 1949 2342 meant.

1099 2382 1161 2423 27.
1192 2370 1358 2417 tamen,
1380 2371 1444 2410 i.e.
1473 2370 1674 2421 although
1696 2371 1726 2409 it
1748 2385 1829 2409 was
1857 2385 1950 2410 now

1096 2445 1166 2479 too
1183 2440 1264 2478 late
1283 2445 1324 2478 to
1342 2440 1392 2478 be
1411 2439 1458 2478 of
1473 2440 1627 2478 service
1649 2446 1690 2477 to
1713 2440 1947 2479 Marcellus.

1094 2532 1148 2537 ·—
1167 2509 1516 2555 tabernaculum,
1538 2515 1652 2553 tent,·
1684 2509 1753 2547 the
1783 2509 1949 2548 Piraeus

1096 2591 1176 2616 was
1207 2592 1300 2616 now
1330 2578 1372 2616 in
1404 2577 1528 2616 ruins.
1598 2588 1659 2626 29.
1697 2577 1822 2617 metu
1854 2607 1863 2617 .
1898 2608 1905 2616 .
1939 2608 1947 2616 .

1095 2647 1216 2687 esset
1236 2638 1250 2684 :>
1288 2647 1342 2697 by
1379 2648 1541 2685 Roman
1577 2646 1654 2684 law
1689 2646 1820 2685 slaves
1854 2647 1948 2685 who

1094 2730 1200 2754 were
1222 2721 1388 2768 present
1410 2722 1450 2754 at
1475 2716 1544 2754 the
1575 2717 1741 2754 murder
1772 2715 1818 2754 of
1844 2716 1949 2754 their

1094 2791 1245 2823 master
1285 2798 1389 2823 were
1438 2784 1562 2822 liable
1612 2790 1653 2823 to
1703 2785 1773 2823 the
1823 2785 1948 2823 death

1094 2854 1260 2906 penalty
1296 2867 1340 2892 as
1380 2866 1593 2903 aceessory
1634 2859 1676 2891 to
1717 2854 1787 2891 the
1828 2855 1948 2893 deecl.

1095 2934 1157 2974 31.
1188 2922 1391 2974 meisque
1422 2921 1678 2969 lecticariis,
1702 2923 1947 2961 instrumen-

1094 2992 1149 3031 tal
1190 2992 1298 3039 abl.;

1356 2992 1479 3044 using
1524 3005 1592 3041 my
1631 3005 1723 3029 own
1768 2992 1942 3030 hearers.

2000 657 2040 693 15

1996 1130 2042 1154 20

1996 1595 2039 1631 25

1991 2063 2038 2098 30
