2242 3306
558 123 681 160 THE
721 122 959 161 PARDON
997 122 1070 161 OF
1110 123 1472 163 MARCELLUS.
1820 117 1886 180 65

140 273 304 334 taque
346 265 900 317 honerificentissime
943 274 997 316 et
1042 266 1318 333 aequitate
1362 272 1455 317 tue
1498 275 1552 318 et
1598 268 1889 334 prudentia

139 368 368 427 repente
406 367 626 426 praeter
658 376 815 426 spem
853 359 986 410 dixit
1023 366 1081 410 se
1119 366 1335 410 senatui
1376 369 1595 427 roganti
1636 362 1705 412 de
1749 363 1890 412 Mar-

139 454 278 505 celle
322 459 393 503 ne
439 452 675 503 hominis
727 453 948 520 quidem
1001 459 1168 504 causa
1220 460 1564 519 negatfirum.
1659 455 1891 506 Fecerat

139 556 320 598 autem
365 548 466 597 hec
509 552 749 608 senatUS,
793 554 853 597 ut
895 563 1021 597 cum
1068 553 1099 596 a
1148 547 1208 597 L.
1256 548 1452 598 Pisene
1499 548 1704 598 mentie
1744 557 1890 600 esset

139 642 288 692 facta
325 640 392 690 de
431 641 700 691 Marcelle
736 647 790 690 et
826 657 950 691 cum
990 640 1049 690 C.
1094 641 1391 692 Marcellus
1428 647 1487 692 se
1526 642 1596 692 ad
1638 642 1890 693 Caesaris

138 735 308 801 pedes
352 734 658 795 abiecisset,
701 740 934 784 cunctus
977 741 1336 800 censurgeret
1378 743 1432 785 et
1478 735 1547 785 ad
1595 736 1889 787 Caesarem

140 829 372 894 supplex
417 828 718 878 accederet.
808 828 938 878 Neli
983 845 1260 894 quaerere.
1350 828 1434 878 Ita
1479 829 1613 879 mihi
1660 830 1894 895 pulcher

139 923 225 973 hic
272 922 387 972 dies
432 930 582 972 visus
630 929 714 972 est
759 929 819 972 ut
865 921 1106 988 speciem
1160 922 1399 989 aliquam
1445 922 1660 973 viderer
1703 923 1890 973 videre

139 1015 296 1083 quasi
341 1015 721 1066 reviviscentis
773 1023 852 1066 rei
903 1015 1171 1081 publicae.
1274 1017 1468 1083 Itaque
1520 1033 1645 1067 cum
1698 1022 1891 1067 omnes

139 1118 266 1160 ante
307 1115 395 1159 me
434 1116 614 1176 rogati
653 1109 859 1175 gratias
901 1110 1128 1161 Caesari
1166 1109 1411 1175 egissent
1447 1118 1666 1176 praeter
1696 1111 1892 1162 Volca-

138 1203 439 1255 cium—is
480 1204 642 1265 enim,
687 1211 732 1253 si
770 1210 836 1253 ee
875 1203 995 1253 loce
1038 1211 1199 1264 esset,
1244 1204 1469 1270 negavit
1512 1210 1570 1254 se
1611 1204 1889 1255 facturum

139 1298 313 1348 fuisse
340 1326 428 1358 —,
468 1314 573 1363 ego
614 1303 842 1363 rogatus
883 1303 1093 1347 mutavi
1130 1314 1316 1347 meum
1356 1298 1660 1348 censilium.
1744 1298 1890 1348 Nam

139 1400 440 1443 statueram
469 1398 580 1441 nen
609 1391 924 1441 mehercule
953 1391 1164 1453 inertia,
1196 1391 1294 1442 sed
1323 1392 1595 1442 desiderie
1628 1391 1890 1458 pristinae

139 1485 423 1552 dignitatis
452 1485 506 1535 in
537 1493 868 1552 perpetuum
897 1491 1096 1536 tacere.
1180 1485 1370 1551 Fregit
1410 1486 1512 1536 hec
1548 1502 1732 1536 meum
1769 1493 1891 1536 cen-

139 1579 320 1630 silium
349 1587 404 1630 et
433 1578 687 1629 Caesaris
717 1579 1043 1644 magnitude
1076 1579 1245 1629 animi
1279 1587 1333 1630 et
1370 1585 1595 1630 senatfis
1634 1579 1886 1630 officium.

142 1675 337 1740 Itaque
366 1672 614 1739 pluribus
643 1673 825 1723 verbis
855 1679 944 1738 egi
973 1672 1202 1723 Caesari
1229 1673 1449 1738 gratiaS,
1482 1679 1678 1740 meque
1708 1679 1891 1723 metue

139 1773 209 1817 ne
248 1767 414 1817 etiam
454 1766 509 1816 in
551 1772 746 1817 ceteris
790 1766 952 1816 rebus
1000 1767 1235 1817 honeste
1277 1766 1388 1816 etie
1430 1766 1702 1832 priva-irim,
1742 1766 1890 1833 quod

138 1868 257 1911 erat
302 1867 473 1910 finum
522 1860 785 1910 selacium
840 1860 895 1910 in
942 1860 1114 1910 malis
1215 1860 1325 1911 Sed
1378 1855 1580 1921 tamen,
1630 1859 1889 1926 quoniam

138 1955 316 2020 effugi
361 1953 477 2004 eius
532 1953 914 2014 offensienem,
967 1961 1060 2020 qui
1110 1954 1348 2004 fortasse
1401 1953 1757 2003 arbitraretur
1803 1959 1891 2003 me

139 2049 281 2099 hanc
324 2064 439 2098 rem
483 2047 763 2113 publicam
811 2054 921 2097 nen
966 2053 1176 2113 putare,
1223 2055 1268 2097 si
1314 2054 1584 2113 perpetue
1630 2053 1886 2108 tacerem,

137 2142 352 2192 modice
391 2142 495 2192 hec
537 2141 739 2192 faciam
781 2148 875 2191 aut
915 2141 1081 2191 etiam
1117 2140 1258 2191 intra
1293 2141 1528 2202 modum,
1562 2149 1621 2191 ut
1657 2148 1712 2191 et
1747 2140 1888 2191 illius

136 2235 407 2286 voluntati
447 2243 501 2285 et
544 2243 679 2285 meis
723 2234 917 2285 studiis
961 2234 1213 2285 serviam.
1297 2235 1440 2285 Nam
1490 2242 1593 2284 etsi
1636 2240 1666 2283 a
1713 2240 1889 2299 prima

136 2335 317 2379 aetate
365 2335 451 2379 me
497 2328 676 2379 omnis
724 2345 812 2378 ars
861 2336 915 2378 et
962 2328 1212 2379 doctrina
1257 2327 1495 2378 liberalis
1549 2335 1603 2378 et
1655 2327 1888 2377 maxime

137 2422 488 2489 philosophia
554 2421 862 2483 delectavit,
932 2429 1120 2472 tamen
1190 2422 1292 2472 hec
1360 2421 1600 2471 studium
1668 2420 1889 2471 cottidie

135 2584 347 2631 coluthon,
401 2584 573 2623 Fecerat
627 2590 765 2622 autem
824 2591 991 2622 senatus
1035 2598 1089 2623 sc.
1117 2586 1378 2624 sementiam.
1442 2585 1504 2623 18.
1538 2595 1587 2625 eo
1617 2584 1722 2631 loco,
1751 2584 1816 2623 i.e.
1846 2584 1888 2622 in

134 2653 331 2702 standing
391 2652 450 2691 for
509 2659 546 2691 et
596 2660 764 2691 senatus
809 2654 983 2706 fecerat.
1035 2654 1220 2692 Caesar's
1236 2653 1366 2704 place.
1419 2664 1481 2692 20.
1505 2653 1681 2699 inertia,
1700 2653 1886 2690 dz'sz'ncli-

140 2732 199 2760 10.
230 2720 428 2761 hominis
460 2751 468 2760 .
506 2751 513 2760 .
552 2752 559 2760 .
595 2732 745 2769 causa,
776 2728 813 2760 lo
845 2723 990 2773 satisfy
1036 2721 1510 2768 nahem—desiderio,
1535 2728 1676 2773 regrel.
1738 2732 1799 2759 22.
1822 2719 1886 2761 of-

133 2791 198 2828 lzz's
209 2790 413 2840 personal
419 2791 592 2843 feeling.
649 2801 709 2828 12.
737 2789 782 2830 C.
804 2790 988 2829 Marcel·
1034 2789 1198 2837 ficium,
1236 2791 1395 2841 loyalty.
1476 2802 1538 2841 23.
1580 2791 1737 2841 Itaque
1774 2820 1781 2829 .
1823 2819 1832 2827 .
1873 2818 1882 2827 .

133 2858 217 2905 lus,
240 2859 381 2897 cousin
404 2859 451 2896 of
469 2859 648 2897 Marcus.
704 2869 762 2908 13.
790 2859 989 2905 cunctus,
1036 2858 1223 2911 gratias,
1246 2859 1286 2897 in
1310 2860 1378 2897 the
1408 2860 1555 2897 Oratio
1568 2865 1649 2910 pro
1670 2860 1734 2897 sll.
1762 2860 1888 2897 Mar-

135 2928 183 2965 z‘n
216 2940 242 2964 a
275 2927 384 2977 body.
465 2938 524 2975 14.
556 2926 662 2967 Noli
692 2938 914 2978 quaerere,
945 2943 983 2961 z
1036 2928 1127 2966 cello
1149 2941 1194 2966 so
1217 2928 1362 2966 called.
1428 2939 1489 2979 27.
1526 2938 1618 2967 rem
1645 2926 1886 2978 publicam,

135 2995 245 3046 quid
260 2996 442 3046 quaeris,
466 2996 514 3034 in
535 2997 655 3034 slzort.
730 3006 790 3047 17.
826 2994 989 3048 rogati,
1035 3010 1061 3034 a
1079 2996 1682 3048 constitutionalgovernment.
1726 2994 1788 3035 28.
1807 2995 1888 3036 hoc

409 3073 504 3103 COR.
534 3074 590 3103 oF
620 3074 805 3116 Cio—5

1934 479 1978 504 10

1933 945 1978 983 15

1933 1417 1979 1442 20

1928 2347 1977 2382 30
