2242 3306
259 457 305 492 30

261 923 305 960 35

264 1399 310 1433 40

266 1864 310 1900 45

349 110 416 164 50
770 108 1309 163 CoRRESPONDENCE
1348 109 1421 148 OF
1459 108 1681 148 CICERO.

347 263 478 322 quin
509 254 692 304 animo
721 254 1053 320 aequissimo
1087 254 1340 304 carueris,
1425 254 1575 320 Quid
1608 254 1755 304 enirn
1793 252 2102 305 delectatio-

346 349 430 399 nis
461 349 666 399 habent
700 355 936 398 sescenti
970 348 1102 397 muli
1137 348 1191 397 in
1228 348 1683 416 Clytaemnestra,
1719 356 1814 398 aut
1848 348 1903 398 in
1944 349 2102 415 Equo

346 443 589 493 Troiano
616 448 979 492 creterrarum
1008 441 1112 491 tria
1140 441 1302 503 milia,
1335 449 1428 491 aut
1466 448 1743 491 armatura
1770 442 1921 492 varia
1958 442 2104 508 pedi-

346 543 494 588 tatfis
531 544 585 587 et
622 536 898 603 equitatus
939 535 994 585 in
1037 535 1218 602 aliqua
1262 536 1489 601 pugna?
1574 536 1733 602 Quae
1777 537 2103 602 popularem

347 630 765 682 admirationem
796 629 1122 690 habuerunt,
1154 629 1576 679 delectationem
1606 629 1704 679 tibi
1732 630 1940 679 nullam
1970 637 2105 679 attu-

347 725 553 775 lissent.
636 723 802 790 Quod
844 731 888 773 si
925 729 983 773 tu
1032 740 1132 789 per
1172 729 1265 773 eos
1313 723 1428 774 dies
1471 740 1696 789 operam
1741 723 1940 773 dedisti
1983 724 2106 773 Pro-

347 827 538 884 togeni
590 825 700 879 tuo,
758 818 890 867 dum
949 817 1112 867 modo
1171 817 1216 867 is
1270 817 1368 867 tibi
1426 817 1640 883 quidvis
1696 817 1879 883 potius
1939 834 2103 883 quam

349 912 624 963 orationes
671 917 822 962 meas
870 910 1079 977 legerit,
1126 917 1195 960 ne
1248 917 1305 960 tu
1361 912 1509 961 haud
1556 890 1722 977 paulo
1768 911 1891 977 plus
1939 928 2103 977 quam

350 1007 641 1074 quisquam
677 1011 925 1056 nostrum
961 1005 1341 1055 delectationis
1377 1005 1627 1055 habuisti.
1711 1006 1839 1055 Non
1872 1005 2015 1055 enim
2051 1011 2106 1055 te

351 1107 487 1168 puto
531 1101 772 1151 Graecos
816 1107 909 1148 aut
956 1098 1133 1149 Oscos
1177 1098 1334 1149 ludos
1379 1099 1738 1160 desiderasse,
1782 1098 2105 1165 praesertim

352 1211 475 1245 cum
508 1194 685 1245 Oscos
713 1194 800 1243 vel
829 1193 883 1242 in
913 1198 1107 1242 senatu
1137 1199 1322 1242 vestro
1350 1199 1603 1258 spectare
1637 1201 1830 1258 possi&
1865 1193 2106 1244 Graecos

351 1288 427 1338 ita
455 1295 565 1337 non
595 1293 746 1337 ames
780 1294 839 1336 ut
876 1292 946 1335 ne
984 1286 1052 1335 ad
1085 1286 1272 1335 villam
1309 1286 1529 1352 quidem
1573 1294 1726 1336 tuam
1762 1286 1849 1336 via
1894 1287 2108 1337 Graeca

737 1381 881 1430 Nam
915 1379 1045 1446 quid
1074 1396 1178 1444 ego
1207 1385 1261 1430 te
1288 1380 1525 1430 athletas
1556 1388 1746 1446 putem
1776 1380 2104 1442 desiderare,

353 1484 446 1543 qui
473 1475 804 1541 gladiatores
834 1473 1269 1539 contempseris?
1339 1474 1404 1524 In
1435 1473 1633 1540 quibus
1662 1474 1780 1540 ipse
1813 1474 2107 1540 Pompeius

350 1391 429 1432 ire
459 1382 652 1432 soleas

353 1570 645 1620 confitetur
679 1575 737 1618 se
770 1576 824 1618 et
857 1583 1085 1633 operam
1123 1574 1176 1617 et
1213 1567 1394 1617 oleum
1432 1568 1753 1633 perdidisse.
1837 1568 2106 1634 Reliquae

354 1671 482 1714 sunt
520 1663 842 1713 venationes
883 1661 1047 1711 binae
1090 1677 1188 1726 per
1229 1661 1344 1711 dies
1388 1649 1647 1728 quinque,
1691 1661 2108 1728 magnificae—

353 1764 517 1808 nemr‘)
545 1764 713 1821 negat
741 1787 825 1816 —‚
858 1755 953 1805 sed
993 1771 1134 1821 quae
1172 1762 1356 1820 potest
1398 1756 1607 1806 homini
1648 1772 1771 1806 esse
1811 1756 1984 1821 polito
2021 1755 2107 1805 de-

353 1851 575 1902 lectatio
612 1866 736 1900 eum
775 1856 868 1899 aut
906 1850 1071 1899 homo
1108 1848 1411 1899 imbecillus
1452 1856 1483 1899 a
1518 1849 1896 1900 valentissima
1933 1848 2105 1900 bestia

352 1945 591 1996 laniatur
624 1951 719 1993 aut
755 1943 1042 2009 praeclara
1078 1942 1254 1992 bestia
1281 1943 1556 1993 venabulo
1591 1943 2107 1994 transverberatur?

355 2040 515 2106 Quae
548 2046 750 2097 tamen,
783 2045 828 2086 si
854 2036 1094 2086 videnda
1132 2044 1275 2097 sunt,
1312 2053 1480 2102 saepe
1516 2037 1730 2100 vidist13
1785 2054 1966 2104 neque
2006 2044 2108 2087 nos

354 2141 447 2201 qui
474 2134 611 2183 haee
641 2136 956 2198 spectamus
993 2129 1286 2197 quicquam
1321 2139 1449 2181 novi
1475 2131 1728 2182 vidimus.
1812 2132 2107 2182 Extremus

351 2303 486 2355 poris,
500 2303 692 2354 elegance.
744 2311 807 2350 29.
830 2298 1206 2350 Clytaemnestra,

351 2374 476 2424 Equo
502 2370 708 2416 Troiano,
730 2369 843 2421 plays
871 2369 923 2418 by
943 2368 1096 2406 Accius
1126 2368 1206 2406 and

352 2443 547 2480 Naevius.
616 2451 682 2490 30.
717 2439 1021 2483 creterrarum,
1050 2454 1088 2471 z
1115 2450 1207 2474 cra-

353 2518 558 2556 terarum,
581 2509 711 2547 bowls.
768 2518 832 2557 33.
860 2517 1054 2558 operam,
1078 2511 1207 2544 allen-

353 2576 808 2629 tz'0n·——Pro‘t0geni‚
851 2589 874 2614 a
917 2575 1028 2613 slave
1069 2575 1207 2612 whose

355 2651 453 2698 duty
502 2649 531 2686 it
580 2660 663 2685 was
713 2653 755 2684 to
807 2646 905 2683 read
957 2650 999 2682 to
1053 2643 1209 2681 Marius

360 2715 662 2769 (anagnostes).
741 2725 804 2765 37.
848 2713 993 2759 Oscos,
1033 2713 1096 2751 i.e.
1139 2712 1208 2750 the

355 2786 520 2825 farcical
541 2785 720 2838 fabulae
745 2783 974 2827 Atellanae,
999 2795 1044 2819 so
1077 2781 1208 2819 called

356 2856 462 2894 from
501 2854 650 2898 Atella,
688 2866 710 2890 a
750 2858 860 2889 town
900 2850 946 2888 of
982 2850 1050 2888 the
1093 2849 1205 2888 Osci.

358 2923 420 2974 38.
452 2922 626 2967 senatu,
656 2921 833 2971 perhaps
869 2920 939 2957 the
971 2918 1077 2956 local
1111 2931 1210 2967 gov—

357 2993 504 3042 erning
538 2991 688 3037 board;
736 2990 806 3027 the
839 2987 1096 3038 Campanian
1127 2986 1209 3024 col-

1251 2300 1419 2351 leagues
1450 2302 1497 2340 of
1528 2302 1686 2341 Marius
1716 2315 1823 2340 were
1853 2315 1897 2340 as
1928 2301 2032 2340 droll
2064 2314 2110 2339 as

1253 2365 1324 2402 the
1364 2365 1517 2404 clowns
1556 2366 1603 2404 of
1637 2366 1743 2404 their
1782 2366 1919 2403 native
1959 2364 2105 2403 farces.

1263 2444 1328 2482 41.
1366 2434 1418 2472 In
1449 2433 1625 2485 quibus,
1657 2435 1725 2473 i.e.
1761 2435 1803 2472 in
1834 2434 1904 2472 the
1938 2433 2107 2472 athletie

1255 2508 1447 2541 contests.
1518 2515 1583 2552 42.
1614 2513 1796 2554 operam
1828 2533 1836 2540 .
1874 2532 1882 2540 .
1919 2532 1927 2540 .
1962 2500 2110 2553 perdi-

1254 2570 1387 2617 disse,
1401 2572 1659 2610 lzadlcaa'lzis
1674 2573 1788 2610 labor
1796 2573 1873 2624 for
1887 2571 2105 2621 lzispains.

1253 2651 1318 2690 43.
1349 2639 1628 2687 venationes,
1658 2642 1814 2685 lzunls‚·
1856 2641 1971 2678 these
2000 2651 2106 2677 were

1255 2710 1375 2759 fights
1398 2709 1587 2748 between
1613 2724 1709 2748 rnen
1733 2711 1815 2748 and
1835 2709 1930 2747 wild
1956 2709 2106 2746 beasts.

1255 2779 1321 2817 On
1338 2779 1407 2816 the
1426 2785 1591 2829 present
1608 2779 1800 2817 occasion
1817 2779 1892 2816 five
1914 2776 2107 2815 hundred

1254 2850 1360 2889 lions
1393 2847 1513 2886 alone
1550 2862 1655 2886 were
1690 2848 1831 2886 killed.
1926 2858 1991 2895 44.
2031 2855 2106 2896 po-

1253 2920 1351 2966 lito,
1373 2919 1692 2973 ofrqfinement.
1745 2926 1810 2968 45.
1839 2913 2108 2960 imbecillus,

1252 2984 1391 3037 feeble.
1483 2981 1548 3031 46.
1593 2979 1808 3025 laniatur,
1855 2979 1889 3016 z's
1931 2983 2027 3016 torn
2070 2982 2108 3015 to
