2242 3306
249 931 293 956 10

251 1397 293 1434 15

250 1868 296 1892 20

335 118 400 155 22
752 111 1290 152 CORRESPONDENCE
1329 111 1402 150 OF
1440 112 1662 151 CICERO.

334 274 466 318 ram,
493 274 656 324 quam
681 257 813 306 mihi
837 257 1150 308 Canusinus
1173 264 1298 306 tuus
1328 256 1531 321 hospes
1554 255 1792 306 reddidit
1812 274 1822 319 ;
1852 256 2086 318 tertiam,

1930 351 2089 417 Quae

335 447 559 496 fuerunt
600 450 805 505 omnes
849 451 909 493 ut
949 443 1230 493 rhetorum
1272 451 1429 509 pueri
1470 443 1785 509 loquuntur,
1829 460 1954 494 cum
1996 444 2090 493 hu-

336 368 517 418 quam,
543 359 602 401 ut
626 350 831 411 scribis,
855 355 1056 400 ancora
1079 350 1258 400 soluta
1288 350 1355 399 de
1377 350 1607 415 phaselo
1635 349 1847 400 dedisti.

336 537 612 588 manitatis
677 554 903 603 sparsae
969 537 1096 598 sale,
1155 544 1273 587 turn
1335 543 1582 602 insignes
1653 537 1854 587 amoris
1927 545 2085 588 notis,

336 633 552 699 Quibus
593 630 842 697 epistulis
885 648 1005 681 sum
1046 630 1302 697 equidem
1344 630 1442 680 abs
1482 636 1537 680 te
1575 630 1863 680 lacessitus
1904 631 1973 680 ad
2013 648 2091 680 re-

335 725 701 786 scribendum,
742 725 839 775 sed
877 724 1080 775 idcirco
1109 741 1228 774 sum
1269 723 1491 785 tardior,
1529 724 1677 790 quod
1716 730 1828 774 non
1868 723 2090 775 invenio

334 820 552 869 fidelem
616 818 976 869 tabellarium.
1097 818 1315 885 Quotus
1369 817 1516 868 enim
1575 817 1808 884 quisque
1861 826 1946 868 est
1998 826 2092 885 qui

334 913 628 979 epistulam
670 913 835 978 paulo
876 911 1186 978 graviorem
1231 912 1377 962 ferre
1421 911 1610 977 possit,
1653 891 1759 961 nisi
1804 928 1924 961 eam
1973 929 2091 978 per-

333 1007 568 1057 lectione
607 1005 898 1057 relevarit?
976 1005 1215 1056 Accedit
1250 1011 1317 1055 eo
1357 1005 1503 1072 quod
1541 1004 1674 1054 mihi
1700 1012 1811 1055 non
1845 1005 2088 1071 prodest,

334 1109 393 1150 ut
428 1100 660 1167 quisque
696 1099 751 1150 in
791 1087 1023 1166 Epirum
1064 1099 1439 1165 proficiscitur.
1523 1099 1645 1164 Ego
1683 1099 1829 1149 enirn
1865 1105 1920 1149 te
1957 1099 2092 1149 arbi-

334 1202 448 1245 tror
484 1201 659 1244 caesis
697 1194 847 1259 apud
885 1192 1244 1243 Amaltheam
1284 1200 1437 1243 tuam
1473 1192 1708 1243 victimis
1746 1192 1928 1242 statim
1968 1209 2090 1243 esse

336 1288 405 1338 ad
444 1288 740 1356 Sicyonem
781 1286 1221 1353 oppugnandum
1259 1287 1587 1352 profectum.
1671 1287 1868 1353 Neque
1904 1278 2091 1337 tamen

335 1382 389 1432 id
434 1382 615 1448 ipsum
663 1389 872 1432 certum
921 1380 1114 1442 habeo,
1161 1381 1384 1447 quando
1424 1380 1492 1430 ad
1530 1380 1841 1431 Antonium
1883 1381 2092 1446 profici-

336 1481 490 1526 scare
531 1482 624 1525 aut
665 1475 795 1541 quid
842 1474 896 1525 in
947 1462 1117 1541 Epiro
1169 1473 1433 1540 temporis
1486 1480 1676 1540 ponas.
1774 1474 1859 1524 Ita
1910 1491 2091 1540 neque

336 1663 544 1713 litteras
574 1662 918 1713 committere
948 1662 1139 1712 audet).
1223 1661 1364 1713 Sunt
1402 1669 1585 1711 autern
1623 1669 1750 1727 post
1786 1661 2090 1711 discessum

336 1762 366 1806 a
396 1763 482 1806 me
514 1764 669 1806 tuum
706 1762 793 1806 res
831 1756 1032 1821 dignae
1069 1755 1263 1805 litteris
1304 1762 1520 1816 nostrTS,
1562 1754 1659 1805 sed
1698 1761 1804 1804 non
1851 1754 2093 1804 commit-

335 1850 536 1900 tendae
566 1849 680 1899 eius
710 1849 858 1899 modi
885 1848 1144 1915 periculo,
1176 1856 1235 1898 ut
1263 1856 1357 1898 aut
1384 1848 1605 1898 interire
1640 1855 1734 1897 aut
1771 1855 1971 1913 aperiri
1999 1855 2092 1897 aut

335 1942 589 2009 intercipi
628 1942 856 2009 possint.
939 1943 1179 1993 Primum
1217 1941 1382 2008 igitur
1419 1948 1554 1992 scito
1591 1949 1829 2008 primum
1864 1947 1951 1991 me
1980 1947 2089 1991 non

335 2088 524 2130 betnieen
553 2091 678 2141 thirty
699 2092 780 2129 and
809 2090 916 2141 forty
940 2090 1058 2129 miles
1086 2090 1191 2129 from

549 2171 584 2210 3.
617 2159 869 2200 Canusinus
890 2160 994 2200 tuus
1015 2160 1190 2211 hospes,

328 2242 443 2279 yom-
461 2230 548 2267 llos!
570 2235 615 2266 at
642 2230 891 2267 Canusium.
953 2241 991 2278 4.
1028 2238 1190 2268 ancora

339 2161 485 2198 Rome.

336 2298 506 2338 soluta:
541 2304 577 2336 lo
600 2298 727 2349 weiglz
753 2299 910 2336 andem*
930 2298 963 2336 is
987 2297 1190 2348 regularly

337 2380 539 2404 ancoram
575 2366 1007 2418 federa—phaselo,
1041 2380 1064 2405 a
1099 2379 1189 2404 nar-

337 2448 433 2481 row,
466 2435 619 2484 usually
650 2435 753 2485 light
783 2436 927 2482 vessel,
958 2448 1003 2474 so
1039 2437 1189 2474 named

338 2503 441 2541 from
471 2504 521 2542 its
548 2505 830 2542 resemblance
862 2505 902 2542 in
934 2504 1063 2555 shape
1094 2511 1136 2542 to
1167 2518 1190 2542 a

708 2583 742 2624 5.
779 2572 1080 2612 humanitatis
1103 2602 1111 2610 .
1139 2602 1147 2611 .
1176 2602 1183 2610 .

338 2641 444 2687 sale,
473 2642 633 2692 elegant
661 2643 746 2680 wil.
805 2642 841 2680 6.
872 2641 1005 2688 notis,
1037 2642 1183 2680 tokens.

340 2720 376 2759 7.
401 2709 652 2756 lacessitus,
677 2711 952 2761 imporlunea'.
1016 2722 1053 2759 9.
1080 2710 1188 2763 QUO-

337 2777 413 2816 tus
437 2808 444 2815 .
469 2808 477 2816 .
500 2808 508 2816 .
531 2777 718 2829 quisque
744 2779 827 2825 est,
851 2779 940 2817 lzow
965 2793 1095 2830 many
1115 2793 1190 2817 are

337 2846 482 2884 there?
544 2857 605 2884 10.
640 2847 910 2898 graviorem:
956 2848 1070 2886 there
1102 2848 1135 2886 is
1166 2861 1189 2886 a

337 2914 431 2965 play
458 2928 570 2965 upon
601 2916 670 2953 the
703 2922 783 2954 two
816 2917 1032 2966 meanings
1059 2917 1190 2966 lzeavy

338 2984 420 3021 and
443 2984 682 3034 z'mporlant.
702 2984 1049 3035 ——perlectione‚
1063 2991 1190 3036 peru-

337 2572 491 2621 l<idney
514 2573 633 2610 bean.

1235 2090 1331 2135 ΜΛ·
1381 2089 1462 2128 this
1508 2090 1541 2128 is
1586 2090 1657 2128 the
1702 2089 1799 2140 only
1842 2102 2090 2127 occurrence

1237 2159 1283 2197 of
1309 2160 1378 2197 the
1410 2160 1534 2197 word.
1599 2169 1659 2208 13.
1690 2158 1993 2204 Amaltheam,
2021 2159 2090 2196 the

1236 2228 1330 2266 villa
1365 2228 1412 2266 of
1438 2228 1601 2266 Atticus
1636 2241 1735 2265 near
1766 2227 2013 2265 Buthrotum
2048 2227 2090 2264 in

1237 2297 1399 2348 Epirus,
1436 2310 1480 2335 or
1515 2296 1585 2334 the
1625 2296 1775 2345 library
1811 2295 1856 2333 os
1891 2296 1961 2333 the
1996 2296 2091 2333 villa

1235 2366 1401 2417 simply3
1440 2366 1510 2404 the
1532 2378 1653 2403 name
1681 2365 1889 2413 evidently
1911 2364 1985 2402 has
2012 2364 2089 2402 ref-

1237 2448 1383 2473 erence
1412 2441 1453 2473 to
1482 2434 1551 2472 the
1583 2434 1738 2484 nymph
1762 2433 1995 2479 Amalthea,
2017 2433 2090 2471 but

1235 2504 1286 2541 its
1308 2509 1424 2541 exact
1452 2503 1727 2552 signification
1754 2502 1786 2539 is
1817 2507 1889 2539 not
1919 2501 2087 2539 known.

1234 2572 1399 2610 Atticus
1439 2584 1522 2610 was
1570 2571 1791 2620 intending
1834 2576 1876 2608 to
1923 2569 2088 2608 enforce

1235 2646 1431 2692 payment
1459 2640 1505 2678 of
1531 2646 1643 2678 taxes
1673 2653 1717 2677 or
1744 2639 1862 2677 loans
1893 2640 1972 2677 due
2004 2639 2087 2676 him

1235 2710 1339 2748 from
1387 2710 1458 2748 the
1509 2708 1765 2759 Sicyonians,
1811 2708 1893 2746 and
1943 2707 2087 2745 Cicero

1234 2779 1369 2817 likens
1404 2778 1490 2816 him
1526 2784 1568 2816 to
1604 2791 1627 2815 a
1658 2776 1826 2826 general
1857 2776 2089 2825 sacrificing

1234 2848 1375 2886 before
1401 2847 1574 2896 starting
1604 2846 1665 2883 for
1695 2846 1765 2883 the
1796 2851 1884 2883 seat
1915 2844 1960 2882 of
1988 2857 2080 2882 war.

1240 2926 1298 2968 15.
1321 2914 1579 2961 Antonium,
1600 2927 1803 2964 governor
1825 2913 1870 2951 of
1890 2914 2086 2951 Macedo-

1235 2985 1313 3023 nia.
1396 2984 1456 3023 16.
1485 2993 1641 3035 ponas,
1671 2982 1808 3034 spend.
1888 2992 1951 3021 21.
1987 2991 2086 3033 pos-
