2242 3306
618 138 831 178 CICERO
869 139 993 176 AND
1036 138 1135 177 His
1177 138 1524 177 SECRETARY.
1877 128 1942 178 61

628 313 921 366 CICERO
976 314 1150 363 AND
1208 314 1342 365 HIS
1399 311 1875 365 SECRETARY

907 406 1083 474 (Fam.
1124 408 1199 456 16.
1240 406 1302 473 Ι).

267 315 546 366 XXVIII.

248 551 440 591 Tullius
470 550 642 589 Τῑτὸηῑ
672 550 778 590 Suo
812 549 865 589 S.
899 551 953 588 P.
986 550 1045 587 D.
1080 553 1132 588 et
1163 549 1341 589 Cicero
1372 550 1523 588 Meus
1553 551 1606 587 et
1634 549 1810 588 Frater
1840 551 1893 588 et

932 625 1123 664 Fratris
1152 626 1204 663 P.

271 753 438 803 Paulo
478 752 695 803 facilius
737 758 927 818 putavi
966 767 1131 817 posse
1172 756 1259 800 me
1297 751 1442 800 ferre
1484 749 1815 800 desiderium
1853 757 1945 810 tui,

195 847 292 897 sed
333 847 499 912 plane
538 852 650 895 non
691 846 823 905 fero,
869 853 923 895 et
964 861 1299 910 quamquam
1344 849 1532 908 magni
1571 843 1641 893 ad
1683 844 1947 893 honorem

195 948 444 990 nostrum
486 939 715 989 interest
762 955 927 1005 quam
977 946 1213 1003 primum
1261 937 1329 987 ad
1377 937 1569 986 urbem
1616 943 1703 986 me
1743 944 1946 997 venire,

195 1041 380 1083 tamen
422 1039 684 1099 peccasse
725 1032 859 1081 mihi
894 1031 1097 1092 videor,
1136 1039 1229 1097 qui
1265 1036 1295 1080 a
1331 1037 1384 1080 te
1425 1029 1802 1091 discesserim3
1853 1029 1950 1079 sed

195 1127 322 1193 quia
350 1135 445 1177 tua
473 1127 729 1176 voluntas
767 1143 832 1176 ea
869 1125 1161 1175 videbatur
1189 1141 1310 1174 esse
1348 1131 1407 1173 ut
1440 1130 1665 1189 prorsus
1693 1123 1800 1173 nisi
1827 1129 1951 1173 con-

195 1221 417 1271 firmato
451 1237 682 1286 corpore
720 1220 894 1269 nolles
931 1218 1208 1284 navigare,
1242 1217 1548 1284 approbavi
1584 1225 1739 1267 tuum
1780 1217 1950 1267 consi-

195 1314 341 1375 lium,
388 1331 568 1381 neque
612 1330 760 1363 nunc
798 1318 964 1373 muto,
1013 1320 1057 1362 5ῑ
1102 1318 1159 1361 tsi
1208 1311 1262 1361 in
1311 1311 1503 1361 eadem
1551 1327 1609 1360 es
1658 1310 1946 1360 sententia.

197 1408 294 1459 Sin
324 1415 506 1458 autem
536 1413 730 1473 postea
759 1423 923 1473 quam
958 1405 1139 1456 cibum
1178 1404 1385 1470 cepisti,
1417 1404 1617 1454 videris
1650 1403 1748 1454 tibi
1786 1420 1950 1469 posse

196 1508 283 1551 me
316 1508 592 1567 consequi,
632 1508 786 1551 tuum
827 1499 1115 1551 consilium
1156 1506 1253 1549 est.
1338 1497 1647 1548 Marionem
1690 1498 1759 1547 ad
1796 1503 1850 1547 te
1887 1504 1952 1547 eo

196 1603 331 1656 mis1,
364 1602 423 1645 ut
460 1603 553 1645 aut
588 1601 771 1645 tecum
809 1594 878 1643 ad
916 1600 1002 1643 me
1040 1609 1203 1659 quam
1246 1600 1482 1657 primum
1520 1599 1734 1641 veniret
1767 1599 1874 1651 aut,
1907 1599 1952 1641 si

195 1695 252 1739 tu
284 1694 575 1749 morarere,
608 1688 793 1738 statim
833 1687 902 1737 ad
939 1693 1026 1736 me
1062 1686 1277 1736 rediret.
1358 1686 1444 1734 Tu
1483 1693 1667 1734 autem
1710 1685 1812 1734 hoc
1853 1684 1950 1734 tibi

197 1782 484 1848 persuade,
517 1790 562 1832 si
594 1781 883 1832 commodo
911 1779 1242 1830 valetudinis
1278 1786 1407 1828 tuae
1441 1779 1557 1828 fieri
1593 1777 1781 1843 possit,
1814 1777 1949 1827 nihil

196 1883 284 1926 me
312 1876 474 1926 malle
504 1893 668 1942 quam
698 1882 751 1925 te
780 1891 901 1925 esse
930 1880 1173 1934 mecuni;
1219 1881 1264 1922 5ῑ
1285 1880 1466 1922 autem
1496 1857 1786 1936 intelleges
1810 1888 1948 1937 opus

196 1987 318 2021 6556
356 1976 412 2020 te
454 1971 627 2020 Patris
668 1967 1092 2020 convalescendi
1132 1972 1298 2017 causa
1339 1965 1563 2031 paulum
1605 1971 1946 2026 commorari,

195 2064 330 2113 nihil
361 2070 447 2113 me
476 2064 637 2113 malle
676 2079 839 2129 quam
877 2068 931 2111 te
963 2061 1162 2111 valere.
1245 2060 1304 2111 Si
1341 2058 1524 2109 statim
1563 2057 1807 2123 navigas,
1849 2065 1948 2108 nos

199 2158 458 2208 Leucade
500 2163 870 2222 consequere;
915 2163 997 2205 sin
1034 2161 1089 2204 te
1125 2153 1456 2204 confirmare
1492 2160 1589 2213 VIS,
1631 2160 1685 2201 et
1721 2152 1948 2202 comites

195 2259 250 2301 et
286 2257 644 2317 tempestates
686 2258 740 2300 et
776 2255 975 2299 navem
1015 2248 1268 2298 idoneam
1308 2254 1367 2296 ut
1410 2245 1615 2295 habeas
1656 2245 1949 2311 diligenter

267 2393 473 2431 XXVIII.
514 2392 693 2430 XVritten
718 2390 957 2429 November
984 2390 1049 2439 3d‚

196 2471 248 2513 50
268 2471 369 2508 B.C.‚
393 2475 447 2499 on
473 2461 543 2499 the
564 2460 738 2511 journey
760 2459 863 2497 from
889 2459 1043 2497 Cilicia.

192 2530 290 2567 Tiro
311 2543 393 2568 was
418 2530 520 2577 sicl<‚
545 2530 628 2568 and
656 2543 710 2567 on
731 2528 970 2567 November
998 2528 1050 2565 2d

195 2598 339 2637 Cicero
375 2599 459 2637 had
499 2599 607 2636 been
642 2598 810 2647 obliged
850 2603 892 2635 to
932 2596 1048 2634 leave

194 2667 282 2705 him
323 2667 479 2706 behind
518 2674 559 2705 at
601 2668 746 2705 Patrae
788 2667 831 2704 in
870 2665 1045 2703 Achaia.

196 2735 300 2782 Suo,
336 2736 465 2775 Meus
501 2735 761 2786 (greeting):
806 2735 942 2773 notice
980 2734 1048 2772 the

197 2805 359 2855 change
381 2804 428 2843 of
446 2818 613 2856 person.
676 2816 710 2842 2.
746 2804 893 2856 plane,
923 2809 967 2840 at
992 2803 1054 2840 all

195 2873 618 2914 well.—h0norem:
658 2873 804 2912 Cicero
834 2873 975 2923 hoped
1006 2877 1048 2909 to

196 2942 248 2980 be
268 2944 444 2992 granted
465 2956 489 2981 a
509 2943 689 2994 triumph
713 2943 774 2980 for
791 2942 853 2980 his
874 2942 1050 2990 military

195 3023 406 3050 successes
435 3011 477 3050 in
507 3012 662 3051 Cilicia.
725 3022 759 3062 3.
791 3010 849 3050 ad
877 3010 1045 3057 urbem,

1096 2389 1160 2427 i.e.
1178 2388 1266 2426 into
1287 2387 1357 2425 the
1379 2386 1698 2436 neighborhood
1722 2386 1768 2424 of
1787 2387 1940 2433 Rome;

1096 2457 1241 2496 Cicero
1265 2455 1387 2494 could
1408 2461 1482 2493 not
1504 2461 1620 2493 enter
1646 2455 1715 2493 the
1745 2455 1824 2504 city
1846 2455 1948 2493 until

1095 2526 1165 2564 the
1188 2525 1377 2576 {question
1398 2524 1444 2562 of
1468 2525 1530 2562 his
1558 2524 1738 2574 triumph
1764 2536 1846 2561 was
1878 2526 1947 2562 de-

1096 2595 1218 2633 cided
1239 2594 1412 2632 without
1441 2592 1652 2642 forfeiting
1682 2593 1744 2630 his
1774 2592 1949 2642 military

1096 2664 1324 2714 imperium
1360 2663 1441 2700 and
1481 2661 1534 2699 all
1575 2661 1695 2699 claim
1735 2667 1776 2699 to
1817 2674 1840 2699 a
1880 2661 1947 2699 tri-

1095 2733 1237 2783 umph.
1303 2741 1337 2783 5.
1373 2741 1583 2782 prorsus.
1612 2760 1620 2767 .
1649 2760 1657 2768 .
1684 2729 1840 2776 nolles,
1863 2743 1949 2780 you

1094 2815 1200 2840 were
1221 2800 1437 2852 altogether
1460 2799 1698 2850 unwilling.
1758 2809 1794 2847 9.
1820 2799 1948 2838 ‘cuum

1095 2869 1332 2911 consilium
1353 2868 1436 2915 est,
1461 2869 1494 2906 it
1514 2869 1548 2906 is
1561 2869 1636 2920 for
1649 2881 1736 2917 you
1756 2873 1792 2905 to
1813 2867 1949 2906 decide

1094 2939 1208 2978 wlzat
1238 2945 1274 2977 to
1309 2938 1370 2975 do.
1389 2935 1720 2982 —Marionem,
1757 2949 1780 2974 a
1819 2936 1942 2974 slave.

1100 3019 1159 3047 12.
1200 3006 1442 3052 commodo,
1483 3005 1657 3043 without
1700 3005 1850 3056 injmy
1894 3012 1942 3043 to.

1996 1615 2039 1639 10

1992 2078 2035 2116 15
