2242 3306
495 130 706 171 CICERO
746 131 1040 171 SLIGHTED
1081 133 1154 172 BY
1191 134 1231 173 A
1268 133 1505 174 CONSUL.
1811 138 1876 190 23

130 291 253 326 esse
303 281 558 341 rogatum
611 275 944 327 sententiam
1004 277 1493 345 praepositumque
1545 295 1667 330 esse
1719 279 1877 331 nobis

131 368 535 435 pacificatorem
574 369 958 435 Allobrogum,
991 369 1155 436 idque
1193 371 1645 423 admurmurante
1682 379 1876 424 senata

129 478 310 528 neque
347 467 435 511 me
470 461 641 512 invito
677 479 799 512 esse
837 463 1063 513 factum.
1146 463 1283 514 Sum
1319 464 1465 514 enim
1504 472 1558 515 et
1594 465 1662 516 ab
1699 466 1879 517 obser-

128 555 311 605 vando
348 555 570 606 homine
608 562 868 621 perverso
903 555 1039 606 liber
1066 564 1119 606 et
1155 557 1225 606 ad
1262 557 1586 623 dignitatem
1615 558 1670 608 in
1698 565 1756 609 re
1786 566 1879 625 pu-

128 647 270 698 blica
306 648 652 699 retinendam
681 655 872 699 contra
901 648 1042 699 illius
1070 649 1411 701 voluntatem
1450 651 1675 713 solutUS,
1707 660 1761 703 et
1788 653 1877 703 ille

128 741 406 792 secundus
451 742 504 791 in
554 742 790 792 dicendo
841 742 994 792 locus
1048 742 1216 793 habet
1266 743 1646 794 auctoritatem
1699 762 1878 811 paene

128 834 391 900 principis
430 842 483 885 et
519 835 862 885 voluntatem
902 841 1014 885 non
1053 835 1216 886 nimis
1257 836 1568 888 clavinctam
1611 838 1879 889 beneficio

128 928 382 978 consulis,
487 927 710 978 Tertius
757 935 840 978 est
887 928 1131 990 Catulus,
1181 935 1422 995 quarum,
1473 939 1519 980 5ῑ
1563 931 1727 981 etiam
1775 932 1878 983 hoc

128 1021 362 1088 quaeris,
407 1021 757 1072 Hortensius.
854 1021 1061 1073 Consul
1102 1031 1284 1073 autem
1327 1023 1447 1089 ipse
1487 1031 1658 1089 parvo
1697 1025 1880 1075 animo

127 1122 183 1165 et
233 1120 418 1181 pravo,
466 1122 682 1165 tantum
730 1114 1013 1165 cavillator
1064 1131 1269 1181 genere
1322 1115 1413 1167 illo
1465 1124 1682 1168 moroso
1733 1119 1880 1184 quod

128 1208 293 1259 etiam
331 1208 448 1259 sine
486 1208 775 1259 dicacitate
815 1209 1034 1271 ridetur,
1071 1209 1216 1260 facie
1251 1210 1428 1276 magis
1465 1228 1629 1277 quam
1666 1212 1879 1263 facetiis

127 1301 402 1363 ridiculUS,
434 1301 570 1351 nihil
607 1308 781 1367 agans
817 1319 941 1353 cum
979 1309 1037 1353 re
1072 1302 1307 1369 pablica‚
1341 1303 1620 1355 seiunctus
1650 1305 1717 1355 ab
1747 1305 1881 1371 opti-

127 1394 381 1457 matibUS,
412 1401 443 1444 a
475 1401 584 1462 quo
620 1395 758 1445 nihil
796 1402 985 1462 speres
1021 1396 1153 1447 boni
1188 1404 1265 1447 rei
1305 1397 1574 1463 publicae,
1606 1398 1733 1465 quia
1769 1405 1880 1449 non

126 1488 256 1549 vult,
303 1488 438 1538 nihil
486 1494 673 1555 speres
721 1489 863 1548 mali,
912 1488 1039 1556 quia
1082 1496 1193 1540 non
1237 1489 1417 1541 audet.
1519 1480 1654 1541 Eius
1695 1499 1879 1542 autem

127 1582 360 1648 conlega
388 1589 442 1633 et
468 1581 523 1632 in
552 1588 640 1632 ma
673 1582 1110 1649 perhonorificus
1143 1590 1197 1633 et
1231 1583 1470 1650 partium
1508 1584 1788 1635 studiosus
1816 1601 1880 1635 ac

128 1674 390 1726 defansor
416 1675 700 1726 bonarum.

126 1822 243 1863 sint:
277 1823 348 1862 the
374 1823 526 1874 logical
554 1822 712 1874 subject
743 1824 776 1862 is
802 1824 975 1863 litterae.
1027 1823 1074 1862 of
1085 1823 1156 1862 the
1173 1823 1880 1885 Allobroges.÷admurmuranta

124 1891 396 1944 —primum
429 1921 437 1930 .
475 1922 483 1930 .
521 1921 528 1930 .
567 1891 869 1932 sententiam:
911 1893 980 1931 the
1026 1893 1067 1931 in
1089 1893 1361 1944 disapproval.
1420 1905 1482 1943 24.
1508 1895 1793 1941 observando,
1816 1895 1879 1933 de-

125 1961 339 2013 presiding
386 1961 623 2011 magistrate
673 1962 714 1999 in
763 1962 910 2012 taking
958 1975 981 2000 a

124 2036 220 2068 vote
253 2030 386 2068 called
418 2030 501 2068 first
537 2043 650 2081 upon
682 2030 752 2069 the
778 2031 981 2082 princeps

125 2105 303 2145 senalus,
332 2099 513 2137 consules
543 2099 760 2151 desrglmti,
791 2100 978 2138 consula-

126 2181 201 2214 res,
241 2168 282 2205 in
326 2167 409 2206 this
453 2168 585 2213 order,
626 2169 708 2206 and
753 2170 805 2205 he
847 2168 980 2218 might

125 2236 259 2275 honor
307 2249 421 2274 some
472 2236 694 2287 particular
745 2238 981 2274 consularis

125 2305 179 2355 by
223 2305 376 2355 calling
422 2318 535 2356 upon
579 2305 666 2343 him
709 2317 864 2355 among
909 2307 978 2343 the

125 2374 221 2413 first.
283 2374 373 2412 The
409 2374 667 2424 magistrates
703 2373 750 2412 of
779 2374 850 2412 the
884 2387 980 2424 year

124 2443 207 2481 had
243 2456 297 2481 no
327 2449 434 2481 vote.
494 2443 533 2480 It
568 2455 701 2480 seems
734 2442 861 2492 likely
890 2442 979 2481 that
1025 2473 1033 2480 .
1073 2472 1080 2479 .
1119 2471 1127 2479 .

125 2511 166 2549 in
198 2511 268 2550 the
301 2511 530 2562 preceding
561 2511 800 2562 consulship
833 2511 977 2550 Cicero

124 2579 207 2618 had
229 2580 297 2619 led
321 2581 392 2618 the
421 2580 668 2625 consulares,
690 2580 763 2618 but
791 2579 860 2618 the
888 2593 977 2617 new

124 2648 268 2687 consul
316 2648 399 2687 had
448 2648 666 2687 conferred
715 2649 795 2687 this
844 2648 977 2687 honor

124 2730 235 2768 upon
281 2718 345 2755 his
388 2717 569 2764 brother,
612 2718 681 2756 the
727 2718 819 2763 Piso
862 2731 976 2755 men-

123 2786 264 2824 tioned
291 2786 333 2824 in
354 2786 386 2824 Ι.
414 2797 478 2836 34.
549 2797 611 2836 23.
646 2784 976 2837 pacificatorem

124 2853 422 2906 Allobrogum,
468 2854 662 2902 ironical;
714 2854 834 2893 while
878 2867 975 2905 gov-

123 2923 272 2973 erning
290 2923 534 2961 Narbonese
556 2922 662 2962 Gaul
687 2936 730 2961 as
755 2923 976 2974 proconsul

123 2991 217 3031 Piso
247 2992 331 3031 had
360 2997 434 3045 put
465 2993 587 3030 down
619 3005 671 3031 an
702 2991 976 3031 insurrection

1022 1963 1206 2014 ferring
1228 1968 1277 2000 lo.
1338 1961 1400 2001 28.
1436 1962 1668 2014 principis,
1699 1977 1754 2001 sc.
1786 1964 1873 2002 loci.

1027 2041 1088 2079 29.
1123 2029 1325 2077 Catulus,
1350 2031 1452 2069 later
1474 2032 1674 2082 princeps
1699 2039 1878 2079 senalus,

1024 2100 1106 2137 and
1123 2099 1192 2137 the
1210 2105 1315 2137 most
1338 2100 1504 2150 upright
1526 2101 1607 2139 ancl
1631 2114 1877 2152 uncompro-

1025 2168 1174 2218 mising
1204 2168 1251 2206 of
1275 2168 1345 2206 the
1379 2169 1613 2218 Oplimales.
1677 2180 1742 2219 30.
1771 2170 1879 2210 Hor-

1023 2235 1212 2283 tensius,
1244 2237 1315 2275 the
1348 2237 1509 2275 famous
1543 2244 1692 2283 orator,
1723 2238 1823 2288 long
1854 2253 1878 2278 a

1024 2305 1123 2343 rival
1156 2305 1202 2343 of
1233 2305 1391 2344 CicerO.
1467 2316 1530 2355 31.
1571 2306 1820 2354 cavillator,
1851 2322 1877 2346 a

1025 2373 1196 2412 mocleer.
1244 2384 1308 2423 32.
1331 2373 1582 2420 dicacitate,
1600 2375 1877 2416 wilfi—facie

1167 2441 1395 2488 ridiculus,
1426 2456 1451 2480 a
1483 2456 1586 2482 man
1617 2444 1704 2482 wlco
1733 2446 1877 2484 excises

1023 2511 1211 2563 laztglzler
1227 2524 1338 2549 more
1354 2511 1401 2561 by
1415 2512 1481 2550 lais
1496 2513 1695 2564 wryface
1710 2514 1811 2552 tlmn
1830 2515 1876 2564 by

1021 2580 1085 2617 lzz's
1104 2580 1348 2618 wz'llz'cisms.
1410 2590 1474 2629 33.
1496 2590 1596 2619 cum
1617 2591 1662 2620 re
1683 2582 1874 2632 publica,

1023 2649 1070 2686 in
1106 2649 1167 2686 tlze
1204 2649 1373 2686 interest
1399 2650 1450 2701 of
1476 2650 1539 2687 tlte
1567 2655 1678 2697 state,
1710 2651 1780 2688 the
1812 2665 1875 2689 7¹es

1012 2717 1182 2767 publica
1208 2716 1334 2766 being
1361 2718 1622 2768 personified.
1681 2719 1745 2768 36.
1776 2729 1873 2760 con-

1021 2786 1133 2837 lega,
1185 2786 1391 2824 Messalla.
1426 2809 1481 2814 —
1509 2787 1869 2837 perhonorificus,

1021 2868 1120 2905 very
1145 2855 1374 2908 respectful.
1398 2877 1452 2882 —
1471 2855 1670 2906 partium
1692 2886 1699 2893 .
1728 2886 1736 2895 .
1764 2887 1772 2895 .
1800 2858 1872 2898 bo-

1021 2933 1191 2971 narum,
1219 2939 1258 2957 z
1281 2925 1560 2974 optimatium,
1588 2925 1807 2974 bonorum,
1830 2927 1873 2966 in

1021 2992 1090 3031 the
1125 3004 1244 3031 sense
1280 2991 1326 3030 of
1351 2997 1482 3043 party
1516 2994 1749 3045 commonly
1780 2995 1866 3047 plu.

1920 582 1963 619 25

1919 1045 1968 1081 30

1921 1509 1967 1545 35
