2242 3306
233 268 280 303 30

234 736 279 772 35

234 1205 282 1239 40

234 1674 280 1711 45

236 2141 283 2177 50

324 109 388 162 72
740 104 1279 144 CORRESPONDENCE
1318 105 1392 144 OF
1431 104 1652 145 CICERO.

324 251 562 302 Licitum
600 258 684 300 est
713 250 825 311 tibi,
859 250 1037 311 credo,
1077 257 1176 316 pro
1213 256 1306 300 tua
1342 251 1611 316 dignitate
1648 268 1713 301 ex
1747 253 1848 302 hac
1889 252 2074 303 iuven-

320 352 438 396 tote
479 361 745 411 generum
789 343 1028 408 diligere,
1074 343 1227 393 coius
1272 344 1399 393 fidei
1444 344 1643 394 liberos
1689 352 1812 395 tuos
1854 352 1908 395 te
1953 352 2075 396 toto

322 439 663 490 committere
694 437 953 504 putares?
1025 437 1119 487 An
1154 444 1212 486 ut
1249 453 1313 486 ea
1350 437 1550 487 liberos
1586 454 1651 487 ex
1688 445 1808 488 seso
1837 447 2071 505 pareret,

323 539 459 599 quos
493 549 616 583 cum
655 532 898 582 florentis
931 531 1143 580 videret
1177 531 1486 592 laetaretur,
1519 539 1613 597 qui
1639 548 1755 581 rem
1784 538 1815 581 a
1844 540 2074 598 parente

320 626 579 676 traditam
609 642 708 691 per
745 631 802 675 so
838 630 1026 674 tenere
1065 631 1307 690 possent,
1340 624 1576 673 honores
1613 625 1908 675 ordinatim
1944 625 2076 691 peti-

323 727 429 770 tori
456 727 658 780 essent,
690 719 744 769 in
773 726 830 768 re
859 718 1094 784 poblica,
1125 719 1180 768 in
1218 725 1517 768 amicorum
1557 719 1790 784 negotiis
1824 719 2075 769 libertate

323 820 419 864 sua
469 814 652 863 osori?
749 813 898 880 Quid
946 814 1143 862 horum
1189 812 1295 863 fuit
1341 813 1488 878 quod
1541 819 1650 862 non
1705 812 1857 878 prius
1910 829 2074 879 quarn

322 908 511 958 datum
549 916 632 958 est
669 907 989 973 ademptum
1032 906 1134 956 sit?
1216 906 1324 956 ‘At
1351 912 1481 956 voro
1517 884 1722 956 malum
1762 914 1845 956 est
1878 906 2076 957 liberos

321 1001 608 1051 amittere.’
691 1001 932 1062 Malum;
975 1000 1081 1050 nisi
1118 1001 1220 1050 hoc
1263 1000 1419 1067 peius
1456 1000 1540 1061 sit,
1580 1001 1715 1051 haec
1754 1000 1989 1050 sufferre
2023 1007 2078 1050 et

323 1103 553 1161 perpeti.
637 1095 796 1162 Quae
830 1101 916 1146 res
954 1094 1088 1144 mihi
1123 1101 1232 1144 non
1272 1094 1606 1145 mediocrem
1644 1093 2076 1144 consolationem

322 1189 519 1250 attulit,
560 1189 686 1239 volo
724 1188 824 1238 tibi
863 1194 1310 1250 commemorare,
1351 1197 1396 1238 si
1435 1188 1577 1238 forte
1618 1188 1813 1238 eadem
1853 1194 1940 1238 res
1980 1186 2079 1238 tibi

323 1283 567 1333 dolorem
624 1283 871 1333 minuere
937 1282 1124 1349 possit.
1234 1283 1317 1332 Ex
1369 1282 1507 1332 Asia
1561 1281 1778 1332 rediens
1831 1298 1955 1332 cum
2009 1281 2077 1331 ab

323 1376 544 1442 Aegina
583 1378 872 1442 Megaram
909 1393 1102 1426 versus
1139 1376 1475 1441 navigarem,
1508 1384 1667 1441 coepi
1700 1375 1955 1441 regiones
1984 1375 2079 1426 cir-

323 1470 596 1521 cumcirca
642 1470 974 1536 prospicere.
1081 1470 1211 1520 Post
1251 1476 1337 1519 me
1377 1477 1495 1520 erat
1534 1470 1772 1535 Aegina,
1816 1477 1944 1519 ante
1991 1475 2078 1518 me

327 1567 574 1630 Megara,
606 1565 797 1615 dextra
828 1565 1067 1626 Piraeus,
1100 1564 1320 1614 sinistra
1350 1563 1665 1624 Corinthus,
1697 1580 1837 1630 quae
1872 1562 2079 1629 oppida

323 1660 560 1726 quodam
607 1667 857 1725 tempore
898 1657 1287 1708 florentissima
1326 1658 1567 1718 fuerunt,
1610 1673 1756 1707 nunc
1804 1662 2078 1723 prostrata

324 1762 377 1803 et
406 1754 586 1803 diruta
620 1760 747 1802 ante
785 1752 972 1803 oculos
1008 1752 1202 1803 iacent.
1285 1752 1458 1817 Coepi
1495 1758 1715 1817 egomet
1748 1756 1963 1800 mecum
2002 1758 2077 1800 sic

325 1847 595 1913 cogitare:
653 1846 866 1897 ‘Hem!
923 1853 1023 1896 nos
1078 1846 1398 1896 homunculi
1448 1844 1815 1911 indignamur,
1866 1853 1911 1894 si
1956 1843 2077 1911 quis

324 1947 574 1991 nostrom
622 1940 826 1990 interiit
873 1948 967 1990 aut
1014 1948 1227 1990 occisus
1275 1948 1372 2001 est,
1419 1946 1650 2006 quorum
1698 1946 1809 1988 vita
1859 1937 2078 1988 brevior

324 2051 445 2085 esse
492 2034 670 2095 debet,
714 2051 838 2084 cum
882 2040 991 2084 ono
1038 2034 1158 2084 loco
1203 2042 1284 2084 tot
1331 2033 1597 2099 oppidom
1645 2032 1916 2082 cadavera
1959 2038 2078 2098 pro-

323 2128 463 2178 iecta
510 2128 727 2178 iacent?
805 2129 978 2179 Visne
1032 2134 1089 2178 to
1137 2134 1205 2189 to,
1257 2128 1429 2188 Servi,
1479 2126 1735 2177 cohibere
1789 2133 1842 2176 et
1894 2125 2078 2175 memi-

324 2221 470 2272 nisse
501 2221 779 2272 hominem
809 2228 862 2271 te
891 2239 1011 2272 esse
1041 2222 1289 2271 natum?’
1365 2220 1542 2272 Crede
1571 2219 1718 2281 mihi,
1745 2218 2076 2284 cogitatione

324 2321 387 2365 ea
415 2322 525 2365 non
555 2315 903 2365 mediocriter
931 2332 1052 2365 sum
1087 2316 1462 2365 confirmatus.
1547 2313 1670 2363 Hoc
1708 2312 1868 2373 idem,
1901 2320 1945 2362 si
1980 2311 2078 2362 tibi

322 2409 551 2470 videtur,
582 2409 671 2459 fac
702 2417 829 2459 ante
863 2409 1048 2459 oculos
1084 2409 1183 2459 tibi
1216 2414 1508 2474 proponas.
1593 2407 1764 2457 Modo
1803 2412 1914 2456 fino
1945 2413 2077 2456 tem-

323 2571 403 2617 ret,
433 2588 471 2605 =
499 2577 645 2623 ageret,
676 2571 843 2622 degeret.
917 2582 982 2622 32.
1016 2570 1178 2611 liberos
1224 2570 1420 2609 translate
1445 2570 1491 2608 in
1513 2570 1575 2607 the
1596 2569 1797 2607 directim
1819 2568 1870 2620 of
1884 2569 2075 2618 [Megara.

325 2670 332 2678 .
357 2670 364 2678 .
390 2670 397 2678 .
419 2632 606 2691 pareret,
625 2641 754 2692 might
772 2640 923 2678 become
943 2641 1005 2678 tlze
1026 2641 1180 2678 motlzer
1223 2637 1577 2684 —circumcirca,
1594 2637 1739 2675 round
1746 2637 1892 2681 about,·
1916 2653 1955 2670 z
1971 2648 2077 2687 quae

323 2709 486 2760 ossons.
549 2720 611 2758 34.
644 2708 901 2755 ordinatim,
925 2709 993 2747 i.e.
1017 2722 1096 2747 one
1119 2708 1177 2746 of·
1224 2709 1501 2746 circumcirca
1546 2712 1680 2744 erant.
1766 2715 1831 2757 45.
1885 2704 2077 2756 quodam

325 2777 398 2814 fiee
421 2777 523 2815 after
546 2778 615 2815 the
642 2778 773 2824 other,
800 2791 844 2816 as
875 2778 971 2828 they
999 2778 1178 2816 reached
1223 2777 1436 2828 tempore,
1459 2789 1553 2813 once
1576 2781 1684 2826 upon
1707 2788 1732 2812 a
1754 2775 1864 2812 time.
1917 2784 1983 2822 49.
2008 2783 2075 2812 ca-

324 2846 393 2883 the
416 2859 492 2895 age
515 2846 561 2884 of
578 2847 810 2896 eligibility;
843 2847 912 2885 the
934 2846 1179 2884 Ciceronian
1224 2846 1400 2891 clavena,
1424 2845 1562 2882 ruins.
1623 2854 1685 2895 50.
1710 2841 1861 2888 Visne,
1883 2842 1976 2879 will
1990 2853 2078 2892 you

324 2916 436 2952 word
461 2915 493 2951 is
523 2916 681 2953 ordine.
743 2914 806 2964 38.
835 2915 955 2960 haec,
982 2916 1095 2953 what
1120 2929 1180 2953 we
1226 2922 1304 2953 not.
1365 2924 1427 2966 51.
1461 2912 1597 2953 Crede
1617 2911 1754 2950 mihi:
1790 2910 1935 2949 formal
1957 2922 2077 2961 prose

323 2996 399 3021 are
416 2997 508 3021 now
523 2984 738 3037 szgffering.
785 2995 850 3033 42.
873 2994 1041 3032 versus,
1060 2985 1172 3031 adv.;
1225 2984 1299 3022 has
1343 2984 1449 3023 mz'lcz'
1492 2982 1619 3021 crede.
1713 2990 1733 3035 5
1741 2991 1776 3030 3.
1819 2978 1964 3027 Modo,
2009 2978 2082 3018 but
