2242 3306
261 374 305 411 35

261 849 309 883 40

262 1313 308 1350 45

262 1780 309 1816 50

349 122 413 174 32
764 115 1303 156 CORRESPONDENCE
1342 116 1415 155 OF
1454 116 1675 155 CICERO.

349 270 510 329 spero
550 263 668 313 fore
711 278 929 329 semper
969 269 1232 312 nostrum.
1316 262 1403 312 De
1442 261 1651 311 familia
1697 261 1925 311 liberata
1964 260 2101 311 nihil

348 365 432 408 est
460 357 607 423 quod
635 363 690 407 te
717 363 950 406 moveat.
1035 356 1274 405 Primum
1309 363 1416 405 tuis
1450 355 1524 405 ita
1557 354 1889 421 promissum
1919 362 2017 416 est,
2047 361 2101 405 te

348 451 623 501 facturam
662 466 784 501 esse
821 457 880 500 ut
914 449 1144 516 quisque
1183 457 1329 499 esset
1362 448 1603 498 meritus,
1687 449 1789 498 Est
1825 456 2010 498 autem
2046 448 2097 498 in

349 544 529 595 officio
582 544 762 594 adhue
830 543 1108 609 OrpheUS‚
1165 548 1452 609 praeterea
1516 548 1856 608 magnopere
1922 549 2098 592 nemo.

351 639 672 690 Ceterorum
726 644 1006 688 servorum
1061 653 1126 686 ea
1178 653 1343 687 eausa
1391 644 1474 686 est
1520 643 1594 697 ut,
1644 643 1689 685 si
1733 641 1820 685 res
1867 641 1898 684 a
1945 635 2102 685 nobis

350 731 567 793 abisset,
603 731 784 781 liberti
819 738 994 781 nostri
1030 738 1232 792 essent,
1270 738 1315 780 si
1350 729 1597 780 obtinere
1637 729 1976 795 potuissent;
2020 737 2101 779 sin

351 826 418 875 ad
448 832 548 875 nos
578 825 932 891 pertinerent,
965 832 1233 875 servirent
1261 832 1650 890 praeterquam
1685 822 1892 901 oppido
1924 831 2099 888 pauci.

352 920 462 971 Sed
493 920 628 969 haee
660 919 871 969 minora
900 927 1042 969 sunt.
1122 919 1208 968 Tu
1243 918 1390 985 quod
1428 934 1514 967 me
1552 916 1786 967 hortaris
1823 924 1884 966 ut
1920 917 2104 966 animo

351 1013 452 1063 sim
497 1019 701 1079 magno
752 1022 806 1063 et
859 1029 1016 1079 spem
1071 1012 1304 1062 habeam
1352 1010 1745 1077 reciperandae
1793 1010 2000 1071 salutiS,
2050 1011 2103 1060 id

349 1107 512 1157 velim
555 1107 622 1157 sit
662 1107 777 1157 eius
818 1107 967 1157 modi
1008 1114 1069 1157 ut
1114 1112 1262 1157 recte
1300 1111 1522 1171 sperare
1565 1113 1854 1170 possimus.
1939 1105 2102 1155 Nunc

350 1201 516 1251 miser
552 1202 773 1267 quando
804 1207 928 1251 tuas
959 1200 1065 1251 iam
1105 1200 1314 1250 litteras
1351 1199 1657 1265 accipiam?
1738 1198 1876 1264 Quis
1911 1198 1979 1247 ad
2017 1205 2103 1248 me

350 1296 632 1362 perferet?
727 1295 881 1362 Quas
924 1312 1029 1361 ego
1070 1300 1480 1361 exspectassem
1531 1293 1822 1354 Brundisii,
1867 1301 1913 1343 si
1957 1300 2104 1343 esset

350 1389 557 1439 licitum
587 1406 685 1455 per
713 1395 926 1450 nautas,
953 1397 1046 1456 qui
1072 1394 1461 1454 tempestatem
1491 1387 1932 1453 praetermittere
1956 1387 2104 1436 nolu-

351 1490 523 1533 erunt.
606 1483 770 1550 Quod
811 1483 1080 1550 reliquum
1121 1490 1219 1543 est,
1261 1487 1509 1532 sustenta
1549 1487 1617 1542 te,
1662 1497 1784 1530 mea
1825 1480 2099 1541 Terentia,

350 1585 409 1627 ut
433 1585 590 1643 potes
616 1577 1017 1628 honestissime.
1087 1577 1352 1636 Viximus,
1379 1575 1675 1625 floruimus.
1759 1575 1886 1624 Non
1909 1574 2100 1624 vitium

350 1679 613 1733 nostrum,
658 1672 755 1721 sed
800 1671 972 1721 virtus
1021 1679 1209 1721 nostra
1255 1677 1356 1720 nos
1400 1669 1634 1730 adflixit;
1686 1674 1976 1734 peceatum
2020 1675 2103 1718 est

350 1766 577 1825 nullum,
626 1765 731 1815 nisi
783 1765 931 1831 quod
984 1771 1094 1814 non
1144 1770 1253 1813 una
1300 1763 1538 1812 animam
1587 1779 1710 1812 cum
1764 1768 2103 1811 ornamentis

349 1859 645 1909 amisimus.
729 1859 838 1911 Sed
882 1867 926 1908 si
966 1859 1069 1908 hoe
1111 1857 1216 1908 fuit
1255 1857 1438 1907 liberis
1485 1864 1687 1906 nostris
1735 1855 1958 1920 gratius,
2003 1862 2103 1904 nos

348 1960 549 2013 vivere,
593 1959 789 2013 Cetera,
834 1968 1167 2019 quamquam
1217 1950 1451 2001 ferenda
1493 1956 1604 1999 non
1652 1957 1793 2009 sunt,
1840 1949 2098 1998 feramus.

350 2047 540 2113 Atque
569 2063 688 2112 ego,
721 2052 895 2113 quite
923 2046 1208 2106 confirmo,
1239 2044 1358 2110 ipse
1388 2050 1475 2093 me
1512 2050 1621 2093 non
1660 2060 1901 2109 possum.
1985 2042 2104 2092 Clo-

348 2169 559 2211 trimonio
587 2170 632 2210 et
658 2168 833 2210 famae:
866 2170 1036 2208 Tullia's
1064 2170 1203 2219 dowry

348 2238 431 2277 had
470 2245 540 2277 not
580 2240 687 2278 been
725 2240 850 2291 paid;
898 2239 972 2277 her
1012 2239 1203 2277 husband

348 2321 431 2346 was
484 2308 553 2345 the
608 2309 701 2347 Piso
755 2308 998 2346 mentioned
1053 2307 1200 2345 below.

350 2387 414 2425 34.
450 2377 513 2416 De
552 2375 734 2416 familia
773 2377 978 2424 liberata,
1012 2376 1210 2426 tozcclziug

350 2446 411 2483 tlte
432 2447 740 2484 manumission
763 2447 813 2498 of
823 2459 902 2484 our
921 2446 1076 2489 slaves,·
1106 2445 1203 2482 with

339 2515 536 2567 familia,
559 2515 610 2553 cf.
626 2516 837 2568 famnlus.
893 2514 955 2564 36.
979 2513 1025 2552 in
1047 2511 1203 2559 Officio,

351 2584 557 2635 doz'ng'lzis
581 2584 680 2634 duty
701 2584 748 2634 by
770 2597 828 2622 us.
888 2583 951 2633 38.
983 2593 1131 2629 causa,
1159 2598 1198 2615 Ξ

351 2654 710 2692 condida—res
751 2682 758 2690 .
800 2682 808 2689 .
851 2681 858 2689 .
905 2651 1091 2698 abisset,
1125 2664 1205 2689 our

342 2728 542 2773 properly
555 2722 803 2772 slzoztldpass
820 2726 890 2758 out
903 2723 953 2773 os
962 2733 1042 2758 our
1055 2719 1202 2758 hands.

353 2801 416 2840 39.
447 2789 659 2835 obtinere,
682 2790 865 2828 establis&
889 2790 998 2827 their
1012 2788 1202 2841 freedom

353 2860 400 2897 in
435 2859 497 2897 tlze
532 2864 666 2896 courls
700 2859 751 2910 of
777 2859 892 2901 law:
932 2858 1003 2895 the
1039 2856 1205 2906 legality

353 2927 399 2965 of
433 2927 533 2965 such
566 2940 589 2964 a
621 2926 917 2964 manumission
951 2925 1083 2975 might
1112 2924 1205 2962 well

351 2995 403 3034 be
435 2996 691 3046 questioned.
758 3006 825 3043 40.
856 2993 1087 3040 servirent,
1119 2993 1206 3042 tlzey

1247 2168 1396 2206 should
1410 2168 1607 2205 conlz'nue
1628 2180 1708 2204 θην
1727 2167 1886 2210 ε]αῑ’ω,·
1918 2166 1987 2204 the
2016 2178 2101 2203 see-

1248 2238 1405 2287 ondary
1435 2249 1641 2287 sequence
1673 2236 1705 2273 is
1737 2236 1816 2272 due
1847 2240 1888 2272 to
1920 2235 1990 2272 the
2022 2235 2103 2272 fact

1249 2307 1337 2344 that
1369 2319 1415 2344 ea
1450 2319 1574 2343 causa
1607 2310 1662 2342 est
1691 2304 1852 2354 implies
1886 2304 1955 2341 the
1986 2303 2101 2340 mak-

1248 2375 1320 2425 ing
1351 2374 1396 2412 of
1422 2375 1491 2412 the
1523 2378 1762 2423 agreement
1792 2373 1833 2409 in
1864 2377 1955 2422 past
1991 2372 2101 2409 time.

1246 2464 1297 2470 —
1318 2441 1497 2502 oppido,
1531 2455 1642 2491 very.
1732 2450 1797 2488 41.
1829 2438 2016 2483 minora,
2050 2441 2099 2490 of

1250 2513 1394 2550 minor
1425 2512 1692 2561 importance.
1751 2521 1816 2559 43.
1850 2510 1979 2555 recte,
2011 2523 2102 2547 rea-

1248 2581 1425 2631 sonably.
1484 2590 1549 2631 45.
1577 2579 1697 2618 esset
1717 2578 1907 2624 licitum,
1933 2595 1971 2611 z
1999 2579 2101 2616 licu-

1251 2651 1370 2693 2'sset,·
1421 2649 1490 2686 the
1536 2661 1606 2686 use
1651 2647 1698 2684 of
1742 2647 1811 2684 the
1861 2647 2021 2697 passive
2070 2647 2102 2684 is

1249 2718 1432 2770 peculiar
1453 2723 1495 2755 to
1518 2716 1692 2754 familiar
1715 2716 1850 2753 Latin.
1903 2715 1970 2763 46.
1991 2715 2102 2754 ‘tem-

1248 2787 1488 2838 pestatem‚
1516 2785 1628 2832 here,
1660 2797 1703 2822 as
1734 2784 1861 2830 often,
1881 2784 2104 2836 savorable

1249 2856 1439 2894 weatlzer.
1504 2863 1567 2905 50.
1608 2851 1898 2898 ornamentis,
1936 2852 2097 2890 lzonors.

1251 2934 1314 2975 53.
1344 2921 1547 2963 Clodium
1575 2920 1929 2967 Philhetaerum,
1953 2920 2102 2960 Sallu-

1251 2990 1380 3038 stius,
1398 2989 1690 3030 Pescennius:
1723 2989 1839 3027 these
1857 3001 1964 3026 were
1981 2988 2101 3040 prob-
