2242 3306
647 144 686 182 A
727 144 1066 183 MONUMENT
1102 144 1176 183 To
1213 141 1444 184 TUL1.·1A.
1853 138 1924 202 69

170 290 261 340 nio
308 288 514 339 sutorio
559 294 869 338 atramento
912 288 1196 338 absolutus
1245 293 1483 354 putatur.
1581 287 1706 355 Qua
1752 296 1810 339 re
1854 290 1923 339 ad

171 389 355 450 patres
402 388 602 432 censeo
648 387 956 443 revertare3
1019 381 1219 447 plebeii
1264 398 1428 448 quam
1475 382 1681 433 fuerint
1727 382 1923 449 impor-

171 483 292 527 tuni
328 475 497 525 vides,

228 668 515 718 XXXIII.
598 668 889 720 CICERO
945 668 1291 719 GRIEVES
1348 667 1508 720 FOR
1560 668 1868 720 TULLIA

754 760 924 827 (from
956 761 1066 810 Att.
1114 775 1189 811 12.
1234 760 1334 829 15).

247 905 313 954 In
361 905 463 955 hac
510 903 805 954 solitudine
852 911 1012 954 careo
1053 903 1297 954 omnium
1339 903 1644 970 conloquio,
1688 920 1923 971 cumque

171 1004 333 1048 mane
376 1004 464 1047 me
506 998 560 1047 in
605 997 799 1048 silvam
843 998 1083 1048 abstrusi
1125 997 1353 1047 densam
1397 1006 1451 1047 et
1497 1013 1767 1063 asperam,
1812 1004 1922 1047 non

170 1098 304 1142 exeo
332 1091 458 1141 inde
487 1099 616 1141 ante
643 1108 955 1157 vesperum.
1039 1090 1356 1142 Secundum
1398 1096 1452 1140 te
1492 1090 1626 1140 nihil
1667 1098 1751 1141 est
1790 1090 1924 1140 mihi

171 1186 398 1235 amicius
442 1184 748 1235 solitudine.
835 1186 900 1234 In
945 1190 1007 1234 ea
1052 1184 1186 1233 mihi
1228 1183 1406 1234 omnis
1450 1191 1630 1234 sermo
1673 1192 1756 1234 est
1798 1201 1922 1234 curn

170 1279 391 1340 litteris3
460 1295 585 1328 eum
644 1286 831 1328 tamen
890 1278 1208 1344 interpellat
1266 1277 1441 1338 fletus
1503 1277 1591 1328 cui
1653 1282 1920 1344 repugno,

171 1372 352 1439 quoad
393 1388 637 1438 possum,
682 1371 779 1422 sed
821 1371 1001 1423 adhuc
1042 1377 1204 1437 pares
1245 1377 1356 1421 non
1398 1387 1602 1422 sumus.

316 1573 586 1625 XXXIV.
672 1573 727 1623 A
783 1572 1258 1625 MONUMENT
1312 1571 1415 1624 TO
1470 1572 1779 1624 TULLIA

806 1664 947 1735 (Ast.
988 1681 1060 1716 12.
1103 1668 1178 1716 18.
1218 1665 1281 1735 Ι).

784 1804 963 1844 Cicero
994 1803 1174 1843 Attico
1207 1803 1308 1843 Sal.

246 1929 397 1979 Dum
434 1928 843 1979 recordationes
882 1926 1053 1993 fugio,
1086 1943 1228 1993 quae
1268 1925 1426 1993 quasi
1462 1931 1647 1977 morsu
1684 1924 1923 1992 quodam

171 2022 416 2073 dolorem
482 2021 739 2083 efficiunt,
795 2021 1015 2087 refugio
1068 2021 1137 2070 ad
1189 2026 1243 2070 te
1295 2019 1721 2080 admonendum,
1777 2019 1924 2085 quod

169 2115 334 2166 velim
388 2114 522 2165 mihi
566 2121 839 2181 ignoscas
889 2113 1222 2165 cuicuimodi
1273 2121 1369 2164 est.
1472 2113 1694 2164 Etenim
1747 2112 1926 2163 habeo

171 2216 282 2259 non
324 2209 502 2259 nullos
544 2226 610 2259 ex
643 2208 706 2258 iis
744 2215 881 2275 quos
916 2225 1062 2258 nunc
1103 2207 1290 2258 lectito
1327 2213 1577 2258 auctores
1615 2214 1708 2273 qui
1740 2206 1925 2256 dicant

173 2303 289 2353 fieri
335 2302 386 2353 id
437 2309 692 2369 oportere
741 2302 887 2368 quod
931 2318 1098 2368 saepe
1144 2307 1326 2352 tecum
1376 2307 1465 2367 egi
1510 2308 1564 2351 et
1610 2300 1757 2366 quod
1798 2306 1829 2349 a
1872 2306 1926 2349 te

171 2397 469 2462 approbari
495 2397 632 2447 volo.
717 2397 804 2446 De
831 2397 964 2446 fano
991 2395 1084 2446 illo
1113 2395 1248 2456 dico,
1281 2395 1349 2445 de
1378 2401 1487 2462 quo
1514 2402 1730 2444 tantum
1759 2410 1925 2459 quan-

172 2538 365 2577 defeated
387 2538 440 2589 by
461 2538 531 2576 the
553 2538 706 2577 Cimbri
735 2543 776 2576 at
802 2538 958 2576 Noreia
986 2537 1026 2575 in
1071 2537 1167 2576 villa
1188 2528 1229 2576 at
1250 2539 1413 2583 Astura,
1437 2536 1506 2575 the
1528 2535 1706 2574 solitude
1728 2534 1775 2573 of
1791 2533 1925 2572 which

176 2617 250 2656 113
279 2617 361 2645 B.C.
379 2630 433 2635 —-
449 2608 508 2646 M.
535 2606 743 2652 Antonio,
773 2608 842 2645 the
873 2612 1021 2644 orator.
1072 2620 1154 2645 was
1175 2606 1350 2656 grateful
1369 2606 1408 2643 in
1429 2605 1491 2643 his
1512 2617 1676 2643 sorrow.
1731 2614 1762 2641 1.
1785 2612 1925 2648 careo,

173 2686 237 2725 39.
269 2675 435 2716 sutorio
465 2676 736 2723 atramento,
761 2676 1029 2713 slzoemaker’s
1072 2675 1481 2726 Iwz'tlzdrawfrom.
1535 2684 1570 2712 2.
1596 2671 1807 2718 abstrusi,
1823 2671 1927 2709 leave

173 2744 372 2796 blackhzg,
395 2758 417 2782 a
438 2746 600 2795 poison.
1073 2744 1227 2782 burz'ed
1243 2743 1397 2796 myself.

246 2814 456 2852 XXXIII.
497 2814 676 2852 VVritten
700 2814 846 2852 March
869 2813 953 2862 9th,
975 2823 1026 2865 45
1146 2812 1346 2851 XXXIV.
1406 2812 1583 2850 Written
1625 2809 1770 2848 March
1817 2809 1925 2855 11th‚

173 2891 252 2920 B.C.
317 2883 462 2920 Cicero
504 2883 587 2921 had
628 2883 706 2920 lost
746 2883 810 2920 his
852 2882 1121 2934 beloved245
1159 2892 1239 2920 B.C.
1313 2892 1347 2931 3.
1379 2878 1655 2925 cuicuimodi,
1692 2879 1754 2917 for
1789 2878 1926 2916 cuius-

174 2951 390 3000 daughter‚
425 2952 571 2998 Tullia,
607 2952 649 2988 in
685 2952 755 2989 the
791 2951 945 2990 middle
987 2951 1051 2989 of?
1073 2951 1194 2988 cuius
1234 2950 1356 2996 modi,
1397 2963 1494 2999 gen.
1538 2948 1584 2986 of
1618 2948 1808 2999 quisquis
1846 2960 1927 2984 mo-

173 3019 394 3070 February,
430 3021 513 3059 and
552 3021 604 3058 he
640 3033 722 3058 was
763 3033 856 3058 now
890 3025 931 3058 at
965 3020 1029 3058 his
1074 3020 1161 3058 dus.
1262 3031 1302 3068 4.
1354 3017 1524 3066 lectito,
1578 3017 1677 3068 freq.
1737 3016 1784 3054 of
1831 3016 1921 3067 lego.

1962 404 2008 437 40
