2242 3306
202 658 246 682 IO

202 1115 243 1151 15

199 1594 244 1617 20

287 106 358 155 60
707 110 1248 153 CORRESPONDENCE
1287 112 1360 152 oF
1399 111 1622 152 CICERO.

288 265 530 309 meorum
567 266 731 324 atque
771 257 826 307 in
864 266 1052 323 primis
1090 265 1181 318 tui,
1223 257 1447 308 satietas
1485 266 1668 308 autem
1707 258 2039 324 provinciae,

286 353 374 403 vel
420 353 546 418 quia
591 352 841 402 videmur
887 369 1008 402 eam
1062 352 1269 401 famam
1323 357 1607 401 consecuti
1654 360 1712 402 ut
1764 360 1874 402 non
1926 361 2040 403 tam

288 446 531 497 accessio
560 446 877 512 quaerenda
906 463 1070 512 quam
1100 446 1325 495 fortuna
1354 445 1650 495 metuenda
1684 446 1767 507 sit,
1798 447 1885 496 vel
1915 447 2042 513 quia

286 546 463 590 totum
516 539 802 605 negotium
855 546 965 588 non
1020 547 1103 589 est
1156 539 1383 604 dignum
1430 539 1635 589 viribus
1683 548 1899 600 nostris,
1950 549 2043 606 qui

287 633 493 683 maiora
533 650 701 684 onera
741 633 793 682 in
838 639 894 682 re
935 633 1155 698 publica
1196 632 1466 682 sustinere
1513 641 1567 682 et
1614 633 1820 698 possim
1869 641 1922 683 et
1963 651 2043 684 so-

287 727 443 788 leam,
486 727 574 777 vel
614 726 741 793 quia
782 727 911 777 belli
950 733 1137 792 magni
1176 726 1338 776 timor
1378 726 1677 792 impendet,
1720 727 1866 792 quod
1897 727 2042 777 vide-

1955 822 2042 871 De

287 915 588 980 pantheris,
621 931 720 980 per
747 921 840 964 eos
870 922 964 980 qui
990 920 1179 964 venari
1207 914 1386 964 solent
1415 913 1597 979 agitur
1625 914 1887 964 mandatu
1918 921 2042 964 meo

287 837 408 870 mur
448 821 699 886 effugere
742 829 786 870 si
826 821 893 870 ad
936 820 1290 871 constitutam
1335 820 1480 870 diem
1527 820 1870 896 dece-{demus

288 1008 607 1073 diligenter;
652 1008 748 1058 sed
778 1016 915 1057 mira
944 1008 1191 1073 paucitas
1222 1015 1318 1068 est,
1352 1015 1405 1057 et
1433 1013 1525 1057 eas
1556 1024 1696 1074 quae
1726 1016 1854 1058 sunt
1881 1008 2042 1058 valde

286 1102 440 1151 aiunt
469 1109 623 1168 queri
661 1102 808 1168 quod
847 1101 982 1151 nihil
1020 1102 1272 1168 cuiquam
1311 1101 1633 1151 insidiarum
1672 1101 1726 1150 in
1765 1108 1885 1152 mea
1924 1109 2042 1167 pro-

814 1196 926 1246 fiat.

288 1289 503 1340 Cariam
546 1306 612 1339 ex
651 1295 839 1340 nostra
885 1289 1165 1355 provincia
1212 1290 1492 1339 decedere.

1328 1382 1605 1449 Quicquid
1641 1382 1757 1443 erit,
1787 1383 1886 1432 tibi
1923 1383 2038 1444 erit,

285 1195 466 1246 vincia
512 1195 618 1246 nisi
660 1195 762 1245 sibi
1037 1197 1231 1262 Itaque
1285 1195 1634 1246 constituisse
1682 1196 1940 1245 dicuntur
1986 1196 2037 1247 in

1576 1289 1687 1340 Sed
1731 1297 1917 1339 tamen
1965 1296 2042 1339 se-

286 1383 416 1432 dulo
449 1383 523 1444 fit,
554 1391 608 1433 et
645 1382 700 1432 in
737 1391 927 1449 primis
955 1389 985 1432 a
1017 1384 1243 1433 Patisco.

287 1476 383 1527 sed
430 1477 561 1543 quid
613 1485 760 1527 esset
812 1477 977 1543 plane
1028 1477 1426 1527 nesciebamus.
1530 1476 1670 1526 Mihi
1724 1477 2039 1527 mehercule

286 1576 523 1637 magnae
552 1577 716 1621 curae
745 1579 828 1621 est
865 1571 1113 1621 aedilitas
1150 1579 1259 1621 tua.
1342 1572 1473 1636 Ipse
1511 1571 1626 1620 dies
1661 1577 1749 1620 me
1786 1571 2040 1621 admone-

285 1664 394 1726 bat,
438 1673 633 1731 scripsi
671 1665 817 1715 enim
859 1665 995 1715 haec
1036 1665 1170 1731 ipsis
1217 1664 1648 1730 Megalensibus.
1747 1665 1832 1714 Tu
1873 1664 2039 1714 velim

286 1759 354 1808 ad
392 1765 479 1808 me
513 1759 580 1809 de
621 1767 770 1809 omni
808 1768 886 1810 rei
929 1759 1182 1825 publicae
1225 1765 1369 1809 statu
1413 1776 1579 1824 quam
1620 1758 2040 1824 diligentissime

286 1853 609 1918 perscribaS,
671 1870 736 1903 ea
800 1853 946 1903 enim
1012 1852 1317 1903 certissima
1382 1852 1587 1918 putabo
1652 1868 1792 1918 quae
1857 1868 1923 1902 ex
1985 1858 2040 1902 te

285 1953 540 2012 cognoro.

284 2096 373 2134 that
417 2096 480 2135 his
523 2110 734 2135 successor
777 2097 927 2136 should
971 2098 1023 2135 be
1069 2111 1138 2148 ap-

284 2166 470 2216 pointed,
511 2166 600 2204 that
640 2167 693 2204 he
736 2166 869 2217 might
914 2172 1051 2204 return
1096 2173 1138 2204 to

286 2236 419 2273 Rome
450 2235 731 2286 immediately
756 2249 867 2287 upon
899 2236 968 2274 the
1000 2236 1136 2274 termi-

283 2304 427 2341 nation
459 2304 505 2342 of
530 2304 594 2342 his
623 2318 719 2354 year
747 2305 793 2343 of
819 2304 934 2343 office
964 2319 1018 2342 on
1046 2305 1138 2356 July

284 2373 394 2422 3oth.
455 2372 491 2411 8.
522 2371 716 2415 fortuna,
750 2374 812 2412 i.e.
845 2387 868 2411 a
904 2373 1064 2423 change
1097 2374 1143 2411 of

523 2452 581 2480 11.
612 2441 722 2481 belli
752 2441 919 2493 magni,
942 2443 1038 2480 with
1068 2443 1136 2480 the

284 2511 512 2557 Parthians,
544 2511 638 2548 who
674 2511 785 2549 since
821 2512 891 2549 the
931 2511 1059 2549 battle
1096 2512 1142 2549 of

282 2441 458 2479 fortune.

282 2579 461 2617 Carrhae
493 2580 574 2618 had
606 2580 713 2618 been
744 2581 1009 2630 threatening
1036 2581 1135 2618 Asia

283 2648 442 2695 Minor3
490 2654 530 2686 at
562 2649 642 2686 this
674 2649 771 2687 time
803 2650 885 2687 and
918 2649 979 2687 for
1013 2663 1134 2699 many

280 2730 398 2766 years
420 2717 515 2767 they
538 2730 642 2755 were
667 2718 909 2757 considered
936 2718 1005 2756 the
1028 2725 1133 2756 most

282 2785 528 2824 formidable
569 2786 615 2824 of
655 2787 724 2824 the
766 2787 854 2825 foes
894 2787 941 2825 of
982 2788 1127 2825 Rome.

286 2864 345 2906 15.
388 2854 503 2905 quod
544 2884 552 2893 .
595 2885 603 2893 .
645 2885 653 2893 .
693 2854 804 2895 fiat:
848 2856 1028 2894 Cicero's
1063 2857 1133 2894 ad-

280 2923 554 2961 ministration
596 2924 678 2962 had
721 2925 829 2962 been
872 2925 1133 2975 remarkably

281 2991 366 3029 free
402 2992 506 3029 from
542 2993 611 3030 the
650 2993 889 3044 corruption
924 2994 1007 3032 and
1044 3007 1132 3032 cru-

1186 2097 1266 2147 elty
1289 2097 1377 2135 that
1409 2096 1715 2135 characterized
1747 2096 1911 2134 Roman
1942 2108 2036 2146 pro-

1184 2166 1333 2205 vincial
1354 2171 1641 2216 government.
1710 2175 1770 2216 17.
1801 2164 1967 2211 sedulo,
1992 2181 2030 2198 z

1183 2236 1416 2286 diligenter.
1501 2246 1559 2284 19.
1600 2233 1921 2280 nesciebamus,
1960 2233 2035 2273 ad-

1182 2305 1404 2351 monebat,
1432 2302 1605 2355 scripsi,
1631 2302 1851 2354 epistolary
1879 2307 2029 2340 tenses.

1184 2385 1246 2412 21.
1278 2372 1625 2425 Megalensibus,
1663 2372 1731 2409 the
1773 2371 2034 2422 lllegalensia

1184 2457 1263 2481 was
1297 2457 1320 2481 a
1352 2442 1513 2480 festival
1548 2442 1590 2479 in
1625 2441 1758 2478 honor
1791 2440 1836 2477 of
1868 2439 2033 2489 Cybele,

1183 2512 1418 2550 celebrated
1450 2511 1554 2549 from
1583 2509 1700 2561 April
1730 2509 1802 2557 4th
1834 2514 1875 2546 to
1911 2509 2026 2555 Ioth3

1181 2582 1249 2619 the
1285 2593 1427 2630 games
1463 2585 1503 2617 at
1537 2577 1811 2617 this-festival
1845 2590 1952 2615 were
1992 2577 2033 2615 in

1181 2650 1331 2700 charge
1348 2649 1393 2687 of
1406 2649 1474 2687 the
1494 2647 1631 2686 curule
1650 2646 1816 2685 aediles.
1857 2656 1919 2695 23.
1937 2656 2032 2697 per-

1179 2718 1361 2764 scribas,
1383 2719 1504 2756 wrile
1531 2718 1578 2754 in
1604 2716 1734 2754 detail
1742 2729 1759 2759 ,·
1792 2715 1940 2764 during
1969 2714 2032 2752 his

1180 2788 1357 2825 absence
1388 2787 1429 2824 in
1459 2786 1603 2824 Cilicia
1633 2784 1778 2822 Cicero
1809 2783 2032 2834 depended

1180 2869 1292 2907 upon
1310 2855 1472 2894 Caelius
1491 2855 1551 2892 for
1569 2854 1637 2892 the
1660 2852 1846 2904 political
1863 2864 1974 2889 news
1990 2850 2036 2889 of

1182 2926 1327 2970 Rome,
1343 2925 1425 2962 and
1439 2923 1645 2961 BkNssI.
1661 2922 1721 2959 ad
1730 2922 1847 2959 Fam.
1863 2920 1895 2958 is
1908 2921 2032 2958 made

1180 3007 1234 3044 up
1257 2993 1427 3042 entirely
1450 2992 1495 3030 of
1512 2992 1581 3030 the
1603 2991 1756 3028 latter's
1777 2989 1929 3027 letters.
