2242 3306
357 110 429 160 44
779 103 1320 145 CORRESPONDENCE
1358 102 1432 143 OF
1470 103 1695 144 CICERO.

361 266 502 317 quae
530 250 617 300 vel
646 258 692 300 si
717 250 868 300 nulla
896 250 1018 311 sint,
1050 250 1221 299 nihilo
1250 249 1359 299 sint
1388 257 1575 299 tamen
1613 248 1956 299 obscuriores
1985 249 2115 299 clari

360 343 473 394 viri.
584 344 702 395 Nec
750 343 931 394 minus
979 351 1063 393 est
1107 342 1413 409 Spartiates
1454 342 1754 408 Agesilaus
1800 342 1889 392 ille
1938 341 2114 408 perhi-

361 437 591 499 bendUS,
623 446 715 505 qui
743 454 924 504 neque
954 437 1156 504 pictam
1188 453 1368 503 neque
1401 437 1585 487 fictam
1623 436 1919 502 imaginem
1960 453 2114 486 suam

275 551 344 578 100
363 548 560 598 passus
615 539 698 581 est
750 548 887 592 esse,
945 548 1110 597 quam
1165 538 1258 597 qui
1308 531 1362 580 in
1416 537 1482 580 eo
1527 546 1731 595 genere
1778 529 2110 580 laborarunt.

366 612 527 677 Unus
571 625 713 675 enim
762 624 1152 690 Xenophontis
1197 624 1411 674 libellus
1455 623 1510 673 in
1554 630 1619 673 eo
1661 630 1791 688 rege
1838 623 2116 673 laudando

362 719 525 769 facile
579 727 756 769 omnis
810 718 1079 784 imagines
1146 718 1388 768 omnium
1444 723 1765 783 statuasque
1819 716 2111 782 superavit.

363 813 554 879 Atque
583 813 685 863 hoc
715 812 1086 878 praestantius
1116 812 1249 861 mihi
1276 811 1442 862 fuerit
1471 819 1524 861 et
1553 811 1621 861 ad
1655 810 1919 860 laetitiam
1950 810 2118 859 animi

363 914 417 957 et
451 906 520 957 ad
561 907 858 957 memoriae
900 906 1228 972 dignitatem
1267 914 1313 955 si
1347 905 1401 955 in
1439 913 1533 955 tua
1570 895 1775 970 scripta
1812 910 2117 970 pervenero

278 1020 344 1055 105
364 1018 529 1068 quam
567 1009 613 1050 si
648 1000 702 1050 in
739 1006 1061 1061 ceterorum,
1102 999 1248 1066 quod
1289 1006 1400 1049 non
1442 998 1727 1064 ingenium
1769 997 1903 1047 mihi
1939 998 2115 1048 solum

364 1094 773 1160 suppeditatum
823 1093 990 1143 fuerit
1035 1102 1207 1153 tuum,
1252 1100 1391 1142 sicut
1439 1093 1774 1142 Timoleonti
1811 1097 1842 1141 a
1888 1092 2118 1141 Timaeo

364 1196 457 1238 aut
494 1188 562 1238 ab
603 1188 891 1238 Herodoto
928 1187 1305 1247 Themistocli,
1341 1186 1439 1236 sed
1476 1186 1641 1236 etiam
1683 1185 1978 1236 auctoritas
2015 1185 2118 1235 cla-

363 1281 564 1332 rissimi
602 1290 655 1332 et
697 1281 1090 1347 spectatissimi
1124 1281 1225 1330 viri
1265 1288 1318 1330 et
1358 1280 1413 1330 in
1453 1288 1532 1329 rei
1573 1279 1827 1345 publicae
1868 1279 2117 1329 maximis

364 1376 814 1442 gravissimisque
848 1383 1026 1426 causis
1061 1374 1267 1440 cogniti
1303 1382 1468 1440 atque
1496 1374 1550 1423 in
1581 1381 1769 1439 primis
1799 1373 2028 1438 probati,
2060 1381 2119 1423 ut

278 1469 499 1520 :mmihi
551 1476 661 1520 non
716 1470 892 1519 solum
953 1467 1325 1534 praeconium,
1381 1467 1544 1534 quod,
1600 1483 1724 1517 cum
1777 1466 1832 1516 in
1892 1466 2117 1531 Sigeum

363 1563 620 1624 venisset,
664 1562 984 1613 Alexander
1027 1562 1096 1612 ab
1142 1563 1391 1612 Homero
1431 1560 1639 1611 Achilli
1684 1559 1950 1610 tributum
1997 1575 2118 1609 esse

365 1657 513 1719 dixit,
570 1657 666 1708 sed
719 1657 885 1707 etiam
938 1673 1107 1722 grave
1165 1654 1543 1706 testimonium
1598 1653 1935 1719 impertitum
1990 1653 2121 1703 clari

366 1751 602 1802 hominis
643 1757 940 1818 magnique
985 1750 1252 1801 videatur.
1353 1749 1539 1799 Placet
1579 1747 1725 1798 enim
1773 1748 1986 1797 Hector
2030 1746 2119 1796 ille

367 1845 499 1895 mihi
542 1845 878 1904 Naevianus,
919 1853 1012 1911 qui
1050 1851 1161 1894 non
1202 1851 1418 1894 tantum
1459 1842 1728 1892 ‘laudari'
1769 1847 1827 1891 se
1867 1841 2116 1901 laetatur,

281 1958 347 1996 115
367 1940 463 1990 sed
510 1939 660 1990 addit
705 1939 869 1990 etiam
915 1943 975 1988 ‘a
1021 1939 1244 1988 laudato
1283 1937 1431 1987 viro.'
1548 1935 1713 2002 Quod
1761 1943 1805 1985 si
1844 1941 1875 1984 a
1915 1941 1969 1984 te
2010 1941 2118 1984 non

366 2033 615 2099 impetro,
648 2034 749 2084 hoc
783 2041 881 2094 est,
913 2041 958 2083 si
985 2049 1126 2099 quae
1154 2038 1208 2081 te
1235 2038 1322 2081 res
1351 2029 1944 2096 impedierit—-neque
1975 2027 2119 2078 enim

368 2128 453 2177 fas
501 2144 621 2177 esse
668 2127 900 2178 arbitror
946 2126 1242 2194 quicquam
1296 2131 1382 2174 me
1430 2131 1717 2190 rogantem
1766 2123 1863 2173 abs
1910 2128 1964 2171 te
2010 2128 2120 2171 non

368 2221 662 2287 impetrare
683 2253 768 2283 —‚
801 2228 966 2288 cogar
994 2221 1232 2272 fortasse
1261 2220 1446 2270 facere
1475 2218 1622 2284 quod
1651 2224 1760 2267 non
1790 2217 1927 2266 nulli
1955 2232 2120 2281 saepe

1269 2366 1351 2403 and
1404 2363 1636 2402 conducted
1692 2375 1715 2400 a
1768 2361 1991 2399 successful
2042 2374 2122 2398 war

1269 2434 1429 2484 against
1488 2434 1558 2471 the
1617 2431 1934 2480 Carthaginians
1995 2430 2125 2478 (339—

1270 2503 1348 2554 338
1396 2505 1531 2553 B.C.);
1594 2502 1731 2539 notice
1780 2501 1849 2551 the
1901 2499 2120 2537 chiasmus.

1274 2572 1361 2611 108.
1393 2568 1736 2623 spectatissimi,
1771 2575 1870 2607 mos!
1901 2568 2038 2619 highly
2069 2581 2123 2605 es-

2032 2647 2119 2673 110.

369 2379 410 2404 m
443 2366 512 2404 the
548 2380 636 2405 rare
672 2367 803 2405 active
838 2380 969 2413 sense,
999 2364 1246 2416 strangers.'

369 2436 432 2485 98.
490 2435 761 2486 Spartiates,
815 2437 878 2474 llle
937 2438 1139 2487 Spartan.
1170 2458 1224 2463 -—

368 2503 681 2555 perhibendus‚
729 2511 839 2543 must
884 2505 926 2543 be
971 2504 1217 2543 menlioned.

375 2583 461 2611 100.
503 2572 550 2612 in
590 2584 639 2614 eo
680 2584 852 2625 genere,
889 2574 952 2612 i.e.
989 2575 1031 2611 in
1071 2573 1224 2622 having

371 2643 548 2692 pictures
584 2644 664 2680 and
701 2649 855 2680 statues
895 2642 941 2680 os
976 2642 1223 2681 themselves

371 2713 508 2749 made.
598 2722 684 2761 103.
737 2711 1062 2762 praestantius,

370 2780 536 2832 lzelpsnl.
634 2792 718 2829 104.
783 2780 1024 2821 memoriae
1080 2778 1225 2831 digni-

1270 2641 1429 2679 leemed.
1499 2651 1586 2689 109.
1623 2637 1805 2690 cogniti,
1837 2638 1956 2675 tried.

1269 2708 1567 2761 praeconium,
1589 2707 1826 2746 lamiation.
1892 2716 1979 2754 114.
2010 2706 2124 2745 Nae-

1270 2778 1445 2825 vianus,
1477 2778 1546 2816 i.e.
1587 2778 1628 2815 in
1665 2777 1735 2814 the
1770 2776 1924 2814 Hector
1954 2774 2125 2827 Prcgfici-

1115 2724 1227 2748 more

370 2848 530 2895 tatem,
568 2863 636 2899 my
666 2850 934 2899 postllumous
974 2849 1226 2899 repulation.

377 2917 799 2958 106.‘Timoleonti:
845 2919 896 2956 he
934 2919 1117 2970 deposed
1158 2918 1227 2956 the

371 2990 527 3037 tyrants
549 2987 594 3025 of
612 2987 680 3025 the
705 2988 842 3025 Greek
872 2988 987 3026 cities
1018 2987 1065 3025 of
1091 2987 1228 3038 Sicily,

1271 2861 1395 2886 scens.
1426 2847 1608 2885 Naevius
1625 2845 1846 2883 flourished
1867 2844 1906 2881 in
1921 2844 1990 2881 the
2009 2843 2127 2881 latter

1273 2917 1365 2955 half
1395 2916 1442 2955 of
1472 2917 1541 2955 the
1579 2915 1687 2953 third
1721 2918 1890 2963 century
1919 2922 2026 2959 B.C.;
2073 2912 2126 2949 he

1275 2999 1357 3024 was
1385 2985 1456 3024 the
1483 2985 1616 3023 father
1643 2983 1688 3021 of
1716 2984 1881 3020 Roman
1910 2981 2000 3032 epic
2028 2993 2128 3033 poe-
