2242 3306
643 148 910 195 WANTED,
950 149 989 187 A
1029 141 1259 188 PANEGY
1269 150 1405 191 RlsT.
1834 160 1870 209 4
1880 162 1898 196 I

150 293 294 344 bella
340 298 749 359 separaverunt,
792 299 848 342 tu
892 310 1110 359 quoque
1152 294 1281 344 item
1323 296 1536 348 civilem
1584 299 1905 350 coniuratio·
1947 318 1990 355 25

151 404 279 437 nem
315 386 384 436 ab
414 385 702 436 hostilibus
743 394 1093 452 externisque
1134 387 1290 437 bellis
1329 390 1660 455 seiungeres.
1745 392 1905 459 liqui-

151 481 277 531 dem
319 480 388 529 ad
430 487 675 529 nostram
719 479 937 529 laudem
986 487 1095 529 non
1143 482 1375 531 multum
1415 478 1578 533 video
1619 484 1900 547 interesse,

151 573 248 624 sed
289 573 358 623 ad
400 572 845 638 properationem
887 590 1067 623 meam
1108 574 1369 640 quiddam
1413 576 1656 638 interest,
1701 585 1809 628 non
1850 586 1904 629 te

151 673 472 732 exspectare
501 667 631 716 dum
661 667 729 715 ad
759 667 938 716 locum
966 667 1171 728 venias,
1198 685 1258 718 ac
1290 668 1472 718 statim
1503 687 1725 720 causam
1755 671 1901 721 illam

151 767 322 810 totam
352 768 405 810 et
432 768 653 825 tempus
683 759 952 826 adripere,
984 768 1038 810 et
1072 760 1245 821 simul,
1279 770 1324 810 si
1352 768 1461 811 [ino
1494 763 1548 812 in
1577 770 1905 829 argumento
1944 786 1990 821 30

151 859 370 920 unaque
404 853 458 903 in
496 859 734 919 persona
773 859 928 903 mens
967 862 1061 903 tua
1097 861 1211 904 tota
1246 856 1568 917 versabitur,
1600 865 1765 908 cerno
1794 858 1900 909 iarn

151 948 335 998 animo
381 954 590 1014 quanto
637 947 821 997 onmia
870 947 1123 998 uberiora
1176 956 1340 1015 atque
1394 950 1669 1000 ornatiora
1715 952 1903 1002 futura

150 1041 272 1092 sint.
369 1042 565 1108 Neque
605 1050 793 1092 tamen
832 1048 1027 1107 ignoro
1073 1059 1238 1108 quam
1285 1042 1635 1108 impudenter
1681 1045 1899 1107 faciam,

150 1144 245 1202 qui
276 1144 512 1201 primum
549 1135 648 1185 tibi
681 1143 895 1185 tanturn
935 1135 1115 1186 oneris
1154 1135 1723 1204 imponam—potest
1754 1138 1900 1189 enim

150 1229 284 1279 mihi
322 1229 599 1294 denegare
641 1228 930 1294 occupatio
969 1237 1064 1279 tua
1083 1259 1166 1289 —‚
1202 1229 1400 1279 deinde
1441 1230 1605 1280 etiam
1643 1239 1702 1282 ut
1741 1238 1901 1283 ornes
1943 1249 1987 1286 35

149 1329 237 1372 me
278 1323 567 1389 postulem.
649 1322 798 1388 Quid
835 1330 881 1372 si
916 1322 1007 1372 illa
1043 1322 1141 1372 tibi
1181 1329 1290 1372 non
1326 1330 1478 1373 tanto
1517 1341 1683 1390 opere
1719 1325 1902 1375 Viden-

148 1424 237 1467 tur
275 1416 561 1467 ornanda?
640 1415 751 1467 Sed
790 1423 978 1466 tamen
1020 1425 1113 1482 qui
1154 1417 1325 1467 semel
1364 1418 1728 1469 verecundiae
1770 1419 1900 1470 finis

147 1510 439 1570 transierit,
483 1526 609 1560 eum
655 1509 796 1560 bene
837 1517 891 1560 et
931 1509 1144 1560 naviter
1186 1518 1404 1576 oportet
1451 1527 1572 1562 esse
1618 1511 1899 1578 impuden-

148 1612 274 1654 tem.
382 1605 580 1670 Itaque
620 1610 673 1654 te
714 1604 878 1670 plane
924 1603 1089 1654 etiarn
1137 1612 1302 1671 atque
1349 1603 1513 1654 etiam
1560 1612 1696 1671 rogo
1740 1614 1798 1656 ut
1845 1614 1899 1657 et

147 1703 309 1748 ornes
346 1713 412 1747 ea
438 1697 822 1748 vehementius
858 1696 1024 1747 etiam
1063 1714 1227 1764 quam
1264 1697 1500 1748 fortasse
1539 1707 1722 1760 sentiS,
1754 1707 1808 1750 et
1843 1699 1896 1749 in
1937 1717 1985 1752 40

147 1797 213 1841 eo
259 1791 412 1857 leges
459 1790 718 1841 historiae
766 1791 1048 1857 neglegaS,
1095 1791 1439 1858 gratiamque
1482 1791 1629 1842 illam
1677 1792 1744 1843 de
1791 1799 1898 1859 qua

147 1884 469 1935 suavissime
525 1884 765 1951 quodam
818 1884 873 1934 in
927 1885 1210 1951 prooemio
1267 1879 1547 1951 scripsisti,
1602 1891 1632 1935 a
1686 1892 1792 1952 qua
1843 1893 1897 1936 te

146 1979 292 2030 flecti
328 1987 439 2031 non
481 1980 657 2047 magis
700 1980 946 2047 potuisse
989 1981 1335 2031 demonstras
1382 1997 1546 2046 quam
1596 1980 1895 2031 Herculem

147 2073 602 2139 Xenophontium
643 2074 793 2124 illum
827 2080 858 2124 a
886 2075 1202 2140 Voluptate,
1238 2091 1376 2135 eam,
1410 2082 1455 2124 si
1490 2080 1576 2123 me
1608 2073 1706 2124 tibi
1736 2075 1896 2124 vehe-

145 2167 383 2218 mentius
430 2168 856 2229 commendabit,
906 2174 976 2218 ne
1022 2174 1334 2234 aspernere,
1380 2174 1660 2234 amorique
1707 2174 1895 2218 nostro
1934 2180 1979 2218 45

145 2262 458 2328 plusculum
486 2262 652 2313 etiam
682 2279 847 2328 quam
877 2261 1143 2312 concedet
1170 2261 1372 2311 veritas
1401 2261 1646 2327 largiare.
1729 2261 1892 2327 Quod

144 2361 264 2405 site
285 2355 623 2406 adducemus
653 2364 711 2405 ut
740 2356 843 2406 hoc
873 2354 1158 2421 suscipiaS,
1183 2355 1298 2415 erit,
1323 2363 1381 2404 ut
1413 2354 1543 2404 mihi
1570 2355 1889 2420 persuadeo,

145 2487 207 2529 25.
240 2477 603 2524 coniurationem,
626 2477 715 2515 that
737 2475 782 2513 of
803 2476 990 2514 Catiline.
1043 2479 1250 2529 candidly.
1300 2489 1365 2527 40.
1388 2476 1545 2524 sentis,
1559 2491 1645 2528 you
1666 2477 1786 2514 llzink
1805 2476 1893 2526 they

144 2548 210 2588 28.
240 2549 616 2601 properationem,
639 2550 688 2588 cf.
706 2550 990 2603 festinationi.
1042 2547 1214 2585 deser've.
1266 2558 1332 2596 42.
1354 2545 1590 2598 prooemio,
1604 2546 1890 2599 profanu—a

143 2628 206 2666 29.
240 2618 396 2665 locum,
419 2619 483 2658 i.e.
509 2620 579 2658 the
607 2619 724 2670 place
753 2619 794 2656 in
822 2619 885 2656 his
915 2618 995 2655 his·
1041 2628 1140 2668 qua,
1158 2617 1318 2655 instead
1337 2616 1382 2653 of
1399 2629 1494 2666 qua,
1513 2622 1553 2653 to
1576 2613 1826 2664 correspond
1848 2618 1889 2649 to

142 2691 232 2736 tory
261 2688 398 2726 where
431 2688 501 2726 the
534 2694 712 2726 account
742 2687 788 2726 of
815 2676 996 2725 Cicero's
1041 2700 1065 2723 a
1097 2686 1305 2735 Voluptate
1320 2699 1336 2728 ,·
1368 2684 1546 2735 perhaps
1569 2685 1714 2733 gratia
1744 2681 1829 2719 also
1858 2681 1889 2717 is

143 2756 382 2808 consulship
403 2757 538 2796 would
563 2758 761 2807 naturally
782 2758 833 2795 be
855 2758 992 2807 given.
1041 2755 1302 2805 persouified.
1392 2765 1456 2800 44.
1507 2748 1884 2801 Xenophontium,

143 2834 207 2874 30.
229 2826 504 2876 argumento,
526 2827 664 2864 tlzeme.
727 2836 788 2878 35.
815 2835 995 2876 occupa·
1040 2837 1086 2861 as
1115 2822 1339 2872 Xenophon
1372 2821 1454 2858 tells
1488 2834 1563 2864 zts,·
1605 2820 1674 2857 the
1708 2818 1814 2856 fable
1848 2816 1894 2854 of

141 2891 219 2938 tio,
242 2901 531 2946 engagements.
597 2906 659 2946 37.
687 2893 993 2939 verecundiae,
1042 2891 1258 2929 Hercules’
1282 2890 1425 2928 choice
1457 2889 1645 2926 between
1673 2888 1784 2936 Duty
1806 2886 1886 2923 and

143 2961 192 2999 cf.
229 2963 377 3012 pudor.
461 2963 523 3013 38.
569 2964 679 3002 bene
719 2963 763 3002 e‘t
799 2961 990 3007 naviter,
1043 2961 1230 2997 Pleasure
1267 2960 1299 2996 is
1334 2958 1418 2995 told
1455 2958 1494 2994 in
1531 2957 1600 2994 the
1635 2954 1886 2993 .]le21201·al›s-

141 3031 486 3087 thorouglzlyand
493 3032 730 3086 completely.
766 3042 827 3081 39.
846 3031 994 3086 plane,
1040 3029 1307 3074 lim—eam,
1330 3038 1510 3064 resumes
1532 3025 1721 3079 gratiam
1756 3023 1886 3061 illam.
