2242 3306
464 108 650 147 REPLY
688 109 762 148 TO
800 109 923 147 THE
965 110 1190 149 LETTER
1229 111 1302 150 OF
1341 112 1742 152 CONDOLENCE.
1913 116 1981 169 79

225 261 356 314 erat,
397 261 574 303 omnis
613 259 700 303 me
737 261 791 304 et
826 254 1129 306 industriae
1171 273 1326 306 meae
1367 257 1582 307 frsjctfis
1625 265 1678 308 et
1719 258 1977 308 fortfinae

225 346 546 413 perdidisse.
630 347 740 398 Sed
793 364 918 398 cum
966 349 1266 414 cegitarem
1322 351 1456 401 haec
1511 350 1645 400 mihi
1695 357 1876 402 tecum
1925 360 1980 402 et

225 457 349 490 cum
379 440 708 506 quibusdam
742 457 864 491 esse
901 443 1230 504 communia,
1262 451 1316 494 et
1353 461 1476 494 cum
1514 445 1831 510 frangerem
1870 444 1975 494 iam

224 533 344 599 ipse
377 539 465 583 me
498 540 864 601 cegeremque
903 535 994 585 illa
1030 536 1176 586 ferre
1212 537 1526 598 toleranter,
1559 538 1831 588 habebam
1870 545 1978 604 que

225 628 602 692 cenfugerem,
652 627 745 678 ubi
791 628 1253 695 conquiescerem,
1305 631 1460 681 cuius
1516 631 1569 680 in
1619 638 1872 681 sermene
1925 639 1979 682 et

225 720 495 771 suavitate
548 729 725 771 omnis
780 728 940 772 ceras
987 722 1313 790 doleresque
1361 724 1711 790 depenerem.
1814 725 1976 776 Nunc

224 822 408 864 autem
463 815 565 864 hec
618 822 730 864 tam
784 823 940 881 gravi
981 817 1208 867 vulnere
1252 817 1418 867 etiam
1465 817 1556 867 illa
1602 835 1743 884 quae
1791 824 1979 869 censa-

224 908 411 958 nuisse
438 908 768 959 videbantur
805 910 1214 960 recrudescunt.
1300 912 1427 961 Nen
1466 911 1609 961 enirn
1649 920 1708 962 ut
1740 920 1857 962 tum
1890 919 1978 962 me

225 1007 256 1051 a
301 1007 358 1050 re
402 1001 623 1067 pfiblica
669 1010 941 1053 maestum
985 1003 1180 1054 domus
1224 1004 1530 1070 excipiebat
1572 1023 1713 1071 quae
1753 1006 1974 1067 levaret,

225 1103 301 1145 sic
355 1112 501 1145 nunc
544 1095 708 1146 dome
760 1103 1012 1147 maerens
1060 1097 1129 1147 ad
1181 1115 1295 1148 rem
1345 1098 1622 1164 psiblicam
1676 1101 1978 1165 cenfugere

226 1205 452 1255 possum
486 1196 545 1239 ut
581 1188 636 1238 in
675 1189 790 1240 eius
832 1190 992 1240 bonis
1034 1191 1401 1258 adquiescam.
1485 1193 1680 1259 Itaque
1721 1201 1775 1243 et
1815 1194 1978 1244 dome

226 1281 420 1332 absum
461 1290 514 1332 et
551 1283 686 1344 fore,
718 1284 865 1349 quod
902 1300 1003 1334 nec
1042 1301 1166 1334 eum
1201 1285 1444 1335 dolerem
1481 1302 1643 1352 quem
1684 1287 1751 1336 de
1789 1294 1847 1337 re
1885 1294 1978 1353 psi-

224 1375 366 1426 blica
395 1375 554 1441 capie
582 1376 778 1427 domus
807 1376 913 1426 iam
950 1378 1222 1428 censelari
1257 1386 1440 1444 potest
1477 1395 1578 1430 nec
1617 1380 1978 1431 domesticum

224 1475 312 1518 res
341 1468 576 1535 psiblica.
660 1470 787 1536 Que
815 1470 992 1536 magis
1021 1478 1075 1521 te
1103 1478 1364 1537 exspecte
1397 1479 1561 1538 teque
1588 1473 1774 1524 Videre
1813 1492 1978 1540 quam

226 1571 464 1628 primum
493 1563 668 1629 cupie.
754 1547 936 1614 Maius
967 1564 1099 1614 mihi
1127 1565 1390 1615 selacium
1415 1567 1634 1616 adferre
1663 1567 1800 1617 ratie
1829 1568 1979 1618 nfilla

225 1664 410 1722 potest
439 1674 602 1723 quam
632 1657 947 1708 conifinctie
977 1659 1389 1709 censuetfidinis
1424 1667 1851 1727 sermenumque
1889 1679 1979 1712 no-

226 1757 477 1800 strerum.
560 1751 914 1818 Quamquam
956 1752 1247 1818 sperabam
1293 1760 1449 1803 tuum
1496 1753 1977 1805 adventum—sic

225 1843 370 1894 enim
395 1843 1244 1912 audiebam—appropinquare
1319 1828 1451 1912 ’Ego
1482 1855 1665 1898 autem
1693 1865 1817 1898 cum
1848 1849 1979 1898 mul-

224 1945 292 1988 tis
322 1937 389 1988 de
418 1946 596 1988 causis
625 1945 680 1989 te
718 1946 918 2005 exopte
956 1957 1118 2006 quam
1159 1948 1396 2006 primum
1426 1940 1626 2002 videre,
1656 1949 1772 1992 tum
1811 1942 1976 1992 etiam

225 2039 284 2081 ut
325 2039 451 2082 ante
495 2039 933 2083 commentemur
973 2033 1116 2084 inter
1152 2041 1251 2084 nes
1289 2040 1397 2100 qua
1434 2034 1644 2085 ratiene
1681 2035 1838 2085 nebis
1874 2042 1978 2086 tra-

224 2126 538 2177 dficendum
587 2127 656 2177 sit
704 2128 805 2177 hec
853 2134 1089 2193 tempuS,
1140 2127 1287 2194 quod
1334 2135 1416 2177 est
1468 2134 1643 2178 tetum
1692 2129 1760 2178 ad
1815 2135 1975 2179 finius

222 2220 566 2271 voluntatem
615 2220 1163 2282 accommodandum,
1211 2229 1265 2271 et
1312 2221 1600 2286 prfidentis
1645 2229 1698 2271 et
1737 2222 1974 2273 liberalis

224 2321 292 2374 et,
336 2322 396 2364 ut
436 2314 784 2380 perspexisse
824 2314 1026 2374 videor,
1071 2331 1174 2365 nec
1215 2320 1246 2364 a
1288 2321 1374 2364 me
1414 2314 1578 2364 alieni
1617 2323 1670 2365 et
1709 2314 1808 2366 tibi
1849 2324 1975 2365 ami-

1121 2444 1232 2481 cum,
1257 2448 1312 2473 sc.
1339 2435 1529 2472 dolorem.
1599 2444 1664 2486 45.
1695 2434 1972 2475 consuetudi·

1120 2502 1206 2549 nis,
1253 2504 1516 2541 intercourse.
1598 2503 1664 2551 46.
1718 2504 1968 2554 sperabam,

1120 2571 1372 2617 audiebam,
1385 2571 1742 2623 epistolarytense.
1770 2583 1836 2620 49.
1853 2573 1972 2618 ante,

222 2448 268 2471 as
287 2448 372 2472 was
395 2434 545 2473 indeed
559 2435 622 2473 ilie
646 2448 742 2472 case.
803 2445 866 2484 32.
898 2432 1075 2486 frange-

221 2512 328 2550 rem,
356 2504 386 2541 l
405 2517 490 2542 was
515 2504 746 2555 beginning
769 2509 806 2541 to
826 2509 895 2554 get
923 2504 1075 2556 myself

223 2572 270 2609 in
291 2572 418 2609 lzand.
480 2583 542 2622 33.
576 2572 834 2618 toleranter,
849 2573 1067 2622 palienfly.

223 2640 286 2690 36.
332 2640 633 2687 consanuisse,
683 2647 720 2678 to
765 2641 871 2678 lzave
917 2641 1068 2678 healed.

222 2719 286 2760 37.
314 2709 636 2755 recrudescunt,
660 2723 734 2746 are
754 2709 958 2760 breaking
974 2715 1074 2759 open

222 2778 653 2828 again.—Non,with
663 2784 843 2828 possum.
876 2789 938 2827 39.
957 2788 1073 2817 mae-

221 2855 335 2892 rens,
359 2847 407 2884 z'n
431 2860 498 2896 my
510 2847 636 2899 grief.
694 2858 758 2895 40.
790 2846 932 2893 bonis,
958 2863 996 2880 z
1018 2859 1074 2884 se-

221 2915 370 2952 cundis
390 2915 520 2953 rebus.
538 2915 748 2961 ——d0m0,
778 2915 845 2953 i.e.
878 2916 982 2952 from
1013 2915 1075 2952 his

221 2983 433 3022 residence
455 2983 497 3022 in
519 2984 588 3022 the
615 2984 707 3032 city.
766 2994 831 3032 42.
863 2982 1074 3024 domesti-

1122 2641 1169 2678 in
1201 2641 1395 2686 advance,
1429 2641 1491 2679 i.e.
1525 2640 1666 2678 before
1698 2640 1881 2679 Caesar‘s
1912 2654 1972 2678 re-

1120 2715 1211 2747 turn
1228 2709 1332 2746 from
1347 2708 1493 2759 Spain;
1523 2709 1592 2747 the
1608 2709 1735 2747 battle
1753 2709 1800 2747 of
1815 2710 1972 2747 Munda

1120 2778 1200 2816 had
1219 2778 1324 2815 been
1344 2777 1489 2826 fought
1507 2777 1652 2815 March
1674 2778 1971 2828 17th.—com-

1119 2847 1381 2891 mentemur,
1401 2846 1629 2885 deliberate.
1692 2857 1755 2898 51.
1783 2847 1971 2897 pruden-

1119 2914 1195 2961 tis,
1230 2915 1411 2954 sensible.
1432 2938 1487 2943 —
1506 2913 1721 2961 liberalis,
1750 2929 1968 2966 genereus.

1121 2993 1184 3035 52.
1216 2994 1243 3023 a
1273 2994 1344 3023 me
1374 2982 1524 3029 alieni,
1555 2984 1805 3035 unfi‘iendly
1832 2990 1869 3022 to
1896 2998 1969 3022 me.

2019 276 2067 311 30

2019 740 2064 776 35

2019 1211 2067 1244 40

2020 1678 2064 1713 45

2018 2144 2065 2180 50
