<?xml version="1.0" encoding="UTF-8"?>
<!DOCTYPE html PUBLIC "-//W3C//DTD XHTML 1.0 Transitional//EN"
    "http://www.w3.org/TR/xhtml1/DTD/xhtml1-transitional.dtd">
<html xmlns="http://www.w3.org/1999/xhtml" xml:lang="en" lang="en">
 <head>
  <title>
</title>
<meta http-equiv="Content-Type" content="text/html;charset=utf-8" />
  <meta name='ocr-system' content='tesseract 3.04.00' />
  <meta name='ocr-capabilities' content='ocr_page ocr_carea ocr_par ocr_line ocrx_word'/>
</head>
<body>
  <div class='ocr_page' id='page_1' title='image "./selectionsfromco00cice_0048.png"; bbox 0 0 2242 3306; ppageno 0'>
   <div class='ocr_carea' id='block_1_1' title="bbox 353 111 1691 170">
    <p class='ocr_par' dir='ltr' id='par_1_1' title="bbox 353 111 1691 170">
     <span class='ocr_line' id='line_1_1' title="bbox 353 111 1691 170; baseline -0.004 -14"><span class='ocrx_word' id='word_1_1' title='bbox 353 120 421 170; x_wconf 84' lang='lat'>42</span> <span class='ocrx_word' id='word_1_2' title='bbox 777 112 1317 153; x_wconf 87' lang='lat' dir='ltr'>CORRESPONDENCE</span> <span class='ocrx_word' id='word_1_3' title='bbox 1356 112 1429 151; x_wconf 77' lang='lat' dir='ltr'>OF</span> <span class='ocrx_word' id='word_1_4' title='bbox 1467 111 1691 151; x_wconf 88' lang='lat' dir='ltr'><strong>CICERO.</strong></span> 
     </span>
    </p>
   </div>
   <div class='ocr_carea' id='block_1_2' title="bbox 266 241 2121 2567">
    <p class='ocr_par' dir='ltr' id='par_1_2' title="bbox 266 241 2121 2567">
     <span class='ocr_line' id='line_1_2' title="bbox 356 241 2111 325; baseline -0.003 -15"><span class='ocrx_word' id='word_1_5' title='bbox 356 259 612 310; x_wconf 75' lang='lat' dir='ltr'>materies</span> <span class='ocrx_word' id='word_1_6' title='bbox 643 259 810 325; x_wconf 74' lang='lat' dir='ltr'>digna</span> <span class='ocrx_word' id='word_1_7' title='bbox 837 258 1101 308; x_wconf 73' lang='lat' dir='ltr'>facultate</span> <span class='ocrx_word' id='word_1_8' title='bbox 1129 266 1183 307; x_wconf 92' lang='grc' dir='ltr'>θῖ</span> <span class='ocrx_word' id='word_1_9' title='bbox 1212 257 1369 323; x_wconf 75' lang='lat' dir='ltr'>copia</span> <span class='ocrx_word' id='word_1_10' title='bbox 1397 263 1506 306; x_wconf 76' lang='lat' dir='ltr'>tua.</span> <span class='ocrx_word' id='word_1_11' title='bbox 1588 241 1642 306; x_wconf 84' lang='grc' dir='ltr'>Ᾰ</span> <span class='ocrx_word' id='word_1_12' title='bbox 1666 255 1937 322; x_wconf 76' lang='lat' dir='ltr'>principio</span> <span class='ocrx_word' id='word_1_13' title='bbox 1964 254 2111 306; x_wconf 93' lang='lat' dir='ltr'>enim</span> 
     </span>
     <span class='ocr_line' id='line_1_3' title="bbox 356 349 2114 418; baseline -0.003 -14"><span class='ocrx_word' id='word_1_14' title='bbox 356 352 749 405; x_wconf 70' lang='lat' dir='ltr'>conifirationis</span> <span class='ocrx_word' id='word_1_15' title='bbox 797 358 970 418; x_wconf 70' lang='lat' dir='ltr'>sisque</span> <span class='ocrx_word' id='word_1_16' title='bbox 1019 352 1087 401; x_wconf 89' lang='lat' dir='ltr'>ad</span> <span class='ocrx_word' id='word_1_17' title='bbox 1140 350 1375 400; x_wconf 79' lang='lat' dir='ltr'>reditum</span> <span class='ocrx_word' id='word_1_18' title='bbox 1423 358 1672 400; x_wconf 84' lang='lat' dir='ltr'>nostrum</span> <span class='ocrx_word' id='word_1_19' title='bbox 1718 349 1934 399; x_wconf 79' lang='lat' dir='ltr'>videtur</span> <span class='ocrx_word' id='word_1_20' title='bbox 1979 349 2114 399; x_wconf 90' lang='lat' dir='ltr'>mihi</span> 
     </span>
     <span class='ocr_line' id='line_1_4' title="bbox 268 424 2121 513; baseline -0.003 -15"><span class='ocrx_word' id='word_1_21' title='bbox 268 467 316 504; x_wconf 87' lang='lat'>50</span> <span class='ocrx_word' id='word_1_22' title='bbox 356 447 631 498; x_wconf 84' lang='lat' dir='ltr'>modicum</span> <span class='ocrx_word' id='word_1_23' title='bbox 673 446 950 513; x_wconf 76' lang='lat' dir='ltr'>quoddam</span> <span class='ocrx_word' id='word_1_24' title='bbox 993 462 1193 511; x_wconf 81' lang='lat' dir='ltr'>corpus</span> <span class='ocrx_word' id='word_1_25' title='bbox 1235 444 1430 495; x_wconf 76' lang='lat' dir='ltr'>confici</span> <span class='ocrx_word' id='word_1_26' title='bbox 1471 460 1649 510; x_wconf 87' lang='lat' dir='ltr'>posse,</span> <span class='ocrx_word' id='word_1_27' title='bbox 1686 443 1741 493; x_wconf 91' lang='lat' dir='ltr'>in</span> <span class='ocrx_word' id='word_1_28' title='bbox 1782 449 1890 509; x_wconf 78' lang='lat' dir='ltr'>quo</span> <span class='ocrx_word' id='word_1_29' title='bbox 1930 451 1984 494; x_wconf 83' lang='lat' dir='ltr'>et</span> <span class='ocrx_word' id='word_1_30' title='bbox 2022 424 2121 493; x_wconf 34' lang='lat' dir='ltr'>illa*</span> 
     </span>
     <span class='ocr_line' id='line_1_5' title="bbox 356 536 2114 607; baseline -0.003 -16"><span class='ocrx_word' id='word_1_31' title='bbox 356 540 561 607; x_wconf 86' lang='lat' dir='ltr'>poteris</span> <span class='ocrx_word' id='word_1_32' title='bbox 592 547 670 590; x_wconf 78' lang='grc' dir='ltr'>ῡῖῑ</span> <span class='ocrx_word' id='word_1_33' title='bbox 698 540 935 590; x_wconf 75' lang='lat' dir='ltr'>civilium</span> <span class='ocrx_word' id='word_1_34' title='bbox 967 537 1460 589; x_wconf 61' lang='lat' dir='ltr'>commate-itionum</span> <span class='ocrx_word' id='word_1_35' title='bbox 1492 536 1722 587; x_wconf 74' lang='lat' dir='ltr'>scientia</span> <span class='ocrx_word' id='word_1_36' title='bbox 1749 537 1838 587; x_wconf 85' lang='lat' dir='ltr'>vel</span> <span class='ocrx_word' id='word_1_37' title='bbox 1866 537 1920 586; x_wconf 91' lang='lat' dir='ltr'>in</span> <span class='ocrx_word' id='word_1_38' title='bbox 1949 537 2114 603; x_wconf 81' lang='lat' dir='ltr'>expli-</span> 
     </span>
     <span class='ocr_line' id='line_1_6' title="bbox 356 630 2114 686; baseline -0.003 -1"><span class='ocrx_word' id='word_1_39' title='bbox 356 635 546 686; x_wconf 80' lang='lat' dir='ltr'>candis</span> <span class='ocrx_word' id='word_1_40' title='bbox 575 641 754 685; x_wconf 74' lang='lat' dir='ltr'>causis</span> <span class='ocrx_word' id='word_1_41' title='bbox 792 639 973 683; x_wconf 82' lang='lat' dir='ltr'>rerum</span> <span class='ocrx_word' id='word_1_42' title='bbox 1011 638 1279 682; x_wconf 77' lang='lat' dir='ltr'>novarum</span> <span class='ocrx_word' id='word_1_43' title='bbox 1316 632 1402 681; x_wconf 86' lang='lat' dir='ltr'>vel</span> <span class='ocrx_word' id='word_1_44' title='bbox 1437 630 1491 680; x_wconf 94' lang='lat' dir='ltr'>in</span> <span class='ocrx_word' id='word_1_45' title='bbox 1526 630 1782 680; x_wconf 74' lang='lat' dir='ltr'>remediis</span> <span class='ocrx_word' id='word_1_46' title='bbox 1819 630 2114 680; x_wconf 89' lang='lat' dir='ltr'>incommo-</span> 
     </span>
     <span class='ocr_line' id='line_1_7' title="bbox 356 723 2113 792; baseline -0.003 -14"><span class='ocrx_word' id='word_1_47' title='bbox 356 729 565 789; x_wconf 76' lang='lat' dir='ltr'>dorum,</span> <span class='ocrx_word' id='word_1_48' title='bbox 597 744 720 778; x_wconf 84' lang='lat' dir='ltr'>cum</span> <span class='ocrx_word' id='word_1_49' title='bbox 751 735 804 777; x_wconf 83' lang='lat' dir='ltr'>et</span> <span class='ocrx_word' id='word_1_50' title='bbox 841 726 1215 792; x_wconf 75' lang='lat' dir='ltr'>reprehendes</span> <span class='ocrx_word' id='word_1_51' title='bbox 1253 741 1318 774; x_wconf 90' lang='lat' dir='ltr'>ea</span> <span class='ocrx_word' id='word_1_52' title='bbox 1360 741 1500 791; x_wconf 83' lang='lat' dir='ltr'>quae</span> <span class='ocrx_word' id='word_1_53' title='bbox 1536 723 1904 789; x_wconf 83' lang='lat' dir='ltr'>vituperanda</span> <span class='ocrx_word' id='word_1_54' title='bbox 1944 723 2113 774; x_wconf 75' lang='lat' dir='ltr'>dsices</span> 
     </span>
     <span class='ocr_line' id='line_1_8' title="bbox 356 817 2110 888; baseline -0.003 -16"><span class='ocrx_word' id='word_1_55' title='bbox 356 830 409 872; x_wconf 91' lang='grc' dir='ltr'>θῖ</span> <span class='ocrx_word' id='word_1_56' title='bbox 446 838 587 888; x_wconf 83' lang='lat' dir='ltr'>quae</span> <span class='ocrx_word' id='word_1_57' title='bbox 629 820 927 887; x_wconf 76' lang='lat' dir='ltr'>placebunt</span> <span class='ocrx_word' id='word_1_58' title='bbox 967 818 1309 885; x_wconf 71' lang='lat' dir='ltr'>exponendis</span> <span class='ocrx_word' id='word_1_59' title='bbox 1350 817 1652 868; x_wconf 78' lang='lat' dir='ltr'>rationibus</span> <span class='ocrx_word' id='word_1_60' title='bbox 1693 817 2110 883; x_wconf 70' lang='lat' dir='ltr'>comprobabis;</span> 
     </span>
     <span class='ocr_line' id='line_1_9' title="bbox 267 910 2111 977; baseline -0.004 -11"><span class='ocrx_word' id='word_1_61' title='bbox 267 936 313 973; x_wconf 87' lang='lat'>55</span> <span class='ocrx_word' id='word_1_62' title='bbox 356 923 410 966; x_wconf 89' lang='grc' dir='ltr'>θῖ</span> <span class='ocrx_word' id='word_1_63' title='bbox 448 924 493 965; x_wconf 76' lang='lat' dir='ltr'>si</span> <span class='ocrx_word' id='word_1_64' title='bbox 528 914 766 975; x_wconf 71' lang='lat' dir='ltr'>liberius,</span> <span class='ocrx_word' id='word_1_65' title='bbox 800 922 859 964; x_wconf 83' lang='lat' dir='ltr'>ut</span> <span class='ocrx_word' id='word_1_66' title='bbox 895 919 1187 973; x_wconf 78' lang='lat' dir='ltr'>consuesti,</span> <span class='ocrx_word' id='word_1_67' title='bbox 1224 911 1502 977; x_wconf 83' lang='lat' dir='ltr'>agendum</span> <span class='ocrx_word' id='word_1_68' title='bbox 1544 910 1778 976; x_wconf 74' lang='lat' dir='ltr'>putabiS,</span> <span class='ocrx_word' id='word_1_69' title='bbox 1815 911 2111 960; x_wconf 79' lang='lat' dir='ltr'>multorum</span> 
     </span>
     <span class='ocr_line' id='line_1_10' title="bbox 356 1004 2111 1075; baseline -0.003 -16"><span class='ocrx_word' id='word_1_70' title='bbox 356 1009 410 1059; x_wconf 93' lang='lat' dir='ltr'>in</span> <span class='ocrx_word' id='word_1_71' title='bbox 439 1016 539 1059; x_wconf 78' lang='lat' dir='ltr'>nos</span> <span class='ocrx_word' id='word_1_72' title='bbox 568 1007 871 1075; x_wconf 86' lang='lat' dir='ltr'>perfidiam,</span> <span class='ocrx_word' id='word_1_73' title='bbox 894 1006 1136 1067; x_wconf 74' lang='lat' dir='ltr'>insidias,</span> <span class='ocrx_word' id='word_1_74' title='bbox 1168 1005 1533 1071; x_wconf 77' lang='lat' dir='ltr'>proditionem</span> <span class='ocrx_word' id='word_1_75' title='bbox 1563 1004 1794 1054; x_wconf 76' lang='lat' dir='ltr'>notabis.</span> <span class='ocrx_word' id='word_1_76' title='bbox 1878 1004 2111 1055; x_wconf 83' lang='lat' dir='ltr'>Multam</span> 
     </span>
     <span class='ocr_line' id='line_1_11' title="bbox 356 1098 2113 1164; baseline -0.004 -11"><span class='ocrx_word' id='word_1_77' title='bbox 356 1102 521 1153; x_wconf 83' lang='lat' dir='ltr'>etiam</span> <span class='ocrx_word' id='word_1_78' title='bbox 551 1108 712 1153; x_wconf 72' lang='lat' dir='ltr'>cassis</span> <span class='ocrx_word' id='word_1_79' title='bbox 746 1109 918 1152; x_wconf 76' lang='lat' dir='ltr'>nostri</span> <span class='ocrx_word' id='word_1_80' title='bbox 946 1100 1269 1150; x_wconf 70' lang='lat' dir='ltr'>varietatem</span> <span class='ocrx_word' id='word_1_81' title='bbox 1305 1098 1403 1149; x_wconf 79' lang='lat' dir='ltr'>tibi</span> <span class='ocrx_word' id='word_1_82' title='bbox 1438 1098 1493 1148; x_wconf 86' lang='lat' dir='ltr'>in</span> <span class='ocrx_word' id='word_1_83' title='bbox 1532 1098 1825 1148; x_wconf 76' lang='lat' dir='ltr'>scribendo</span> <span class='ocrx_word' id='word_1_84' title='bbox 1859 1098 2113 1164; x_wconf 86' lang='lat' dir='ltr'>suppedi-</span> 
     </span>
     <span class='ocr_line' id='line_1_12' title="bbox 355 1192 2112 1262; baseline -0.004 -15"><span class='ocrx_word' id='word_1_85' title='bbox 355 1197 553 1247; x_wconf 75' lang='lat' dir='ltr'>tabunt</span> <span class='ocrx_word' id='word_1_86' title='bbox 600 1196 819 1262; x_wconf 78' lang='lat' dir='ltr'>plenam</span> <span class='ocrx_word' id='word_1_87' title='bbox 869 1194 1156 1245; x_wconf 71' lang='lat' dir='ltr'>csiiusdam</span> <span class='ocrx_word' id='word_1_88' title='bbox 1203 1192 1518 1258; x_wconf 73' lang='lat' dir='ltr'>voluptatiS,</span> <span class='ocrx_word' id='word_1_89' title='bbox 1567 1208 1707 1258; x_wconf 85' lang='lat' dir='ltr'>quae</span> <span class='ocrx_word' id='word_1_90' title='bbox 1752 1192 2112 1241; x_wconf 85' lang='lat' dir='ltr'>vehementer</span> 
     </span>
     <span class='ocr_line' id='line_1_13' title="bbox 356 1285 2108 1353; baseline -0.003 -12"><span class='ocrx_word' id='word_1_91' title='bbox 356 1290 567 1341; x_wconf 76' lang='lat' dir='ltr'>animos</span> <span class='ocrx_word' id='word_1_92' title='bbox 610 1289 891 1340; x_wconf 85' lang='lat' dir='ltr'>hominum</span> <span class='ocrx_word' id='word_1_93' title='bbox 930 1288 985 1338; x_wconf 92' lang='lat' dir='ltr'>in</span> <span class='ocrx_word' id='word_1_94' title='bbox 1022 1287 1259 1353; x_wconf 78' lang='lat' dir='ltr'>legendo</span> <span class='ocrx_word' id='word_1_95' title='bbox 1296 1292 1349 1336; x_wconf 77' lang='lat' dir='ltr'>te</span> <span class='ocrx_word' id='word_1_96' title='bbox 1391 1292 1656 1351; x_wconf 73' lang='lat' dir='ltr'>scriptore</span> <span class='ocrx_word' id='word_1_97' title='bbox 1693 1292 1882 1336; x_wconf 80' lang='lat' dir='ltr'>tenere</span> <span class='ocrx_word' id='word_1_98' title='bbox 1920 1285 2108 1351; x_wconf 83' lang='lat' dir='ltr'>possit.</span> 
     </span>
     <span class='ocr_line' id='line_1_14' title="bbox 267 1379 2112 1448; baseline -0.004 -12"><span class='ocrx_word' id='word_1_99' title='bbox 267 1393 315 1428; x_wconf 86' lang='lat'>60</span> <span class='ocrx_word' id='word_1_100' title='bbox 359 1384 511 1436; x_wconf 88' lang='lat' dir='ltr'>Nihil</span> <span class='ocrx_word' id='word_1_101' title='bbox 557 1392 641 1434; x_wconf 83' lang='lat' dir='ltr'>est</span> <span class='ocrx_word' id='word_1_102' title='bbox 683 1382 828 1434; x_wconf 92' lang='lat' dir='ltr'>enim</span> <span class='ocrx_word' id='word_1_103' title='bbox 873 1382 1055 1448; x_wconf 85' lang='lat' dir='ltr'>aptius</span> <span class='ocrx_word' id='word_1_104' title='bbox 1099 1382 1168 1431; x_wconf 88' lang='lat' dir='ltr'>ad</span> <span class='ocrx_word' id='word_1_105' title='bbox 1213 1379 1633 1430; x_wconf 74' lang='lat' dir='ltr'>delectationem</span> <span class='ocrx_word' id='word_1_106' title='bbox 1681 1379 1899 1429; x_wconf 75' lang='lat' dir='ltr'>lectoris</span> <span class='ocrx_word' id='word_1_107' title='bbox 1946 1397 2112 1445; x_wconf 82' lang='lat' dir='ltr'>quam</span> 
     </span>
     <span class='ocr_line' id='line_1_15' title="bbox 354 1472 2111 1544; baseline -0.003 -15"><span class='ocrx_word' id='word_1_108' title='bbox 354 1487 668 1544; x_wconf 83' lang='lat' dir='ltr'>temporum</span> <span class='ocrx_word' id='word_1_109' title='bbox 707 1476 999 1527; x_wconf 74' lang='lat' dir='ltr'>varietates</span> <span class='ocrx_word' id='word_1_110' title='bbox 1040 1476 1410 1540; x_wconf 70' lang='lat' dir='ltr'>fortsiiiaeqiie</span> <span class='ocrx_word' id='word_1_111' title='bbox 1447 1472 1868 1523; x_wconf 74' lang='lat' dir='ltr'>Vicissitsidines.</span> <span class='ocrx_word' id='word_1_112' title='bbox 1953 1472 2111 1538; x_wconf 73' lang='lat' dir='ltr'>Quae</span> 
     </span>
     <span class='ocr_line' id='line_1_16' title="bbox 356 1566 2112 1637; baseline -0.004 -15"><span class='ocrx_word' id='word_1_113' title='bbox 356 1579 460 1622; x_wconf 84' lang='grc' dir='ltr'>θῖεῑ</span> <span class='ocrx_word' id='word_1_114' title='bbox 498 1571 654 1622; x_wconf 78' lang='lat' dir='ltr'>nobis</span> <span class='ocrx_word' id='word_1_115' title='bbox 702 1570 972 1637; x_wconf 74' lang='lat' dir='ltr'>optabiles</span> <span class='ocrx_word' id='word_1_116' title='bbox 1020 1569 1075 1619; x_wconf 92' lang='lat' dir='ltr'>in</span> <span class='ocrx_word' id='word_1_117' title='bbox 1123 1567 1458 1634; x_wconf 78' lang='lat' dir='ltr'>experiendo</span> <span class='ocrx_word' id='word_1_118' title='bbox 1505 1573 1615 1616; x_wconf 81' lang='lat' dir='ltr'>non</span> <span class='ocrx_word' id='word_1_119' title='bbox 1663 1567 1902 1625; x_wconf 77' lang='lat' dir='ltr'>fuerunt,</span> <span class='ocrx_word' id='word_1_120' title='bbox 1948 1566 2001 1616; x_wconf 89' lang='lat' dir='ltr'>in</span> <span class='ocrx_word' id='word_1_121' title='bbox 2044 1567 2112 1616; x_wconf 91' lang='lat' dir='ltr'>le-</span> 
     </span>
     <span class='ocr_line' id='line_1_17' title="bbox 356 1659 2114 1732; baseline -0.004 -16"><span class='ocrx_word' id='word_1_122' title='bbox 356 1665 539 1732; x_wconf 80' lang='lat' dir='ltr'>gendo</span> <span class='ocrx_word' id='word_1_123' title='bbox 579 1674 765 1716; x_wconf 84' lang='lat' dir='ltr'>tamen</span> <span class='ocrx_word' id='word_1_124' title='bbox 809 1671 970 1715; x_wconf 82' lang='lat' dir='ltr'>erunt</span> <span class='ocrx_word' id='word_1_125' title='bbox 1012 1662 1299 1712; x_wconf 70' lang='lat' dir='ltr'>ificundae.</span> <span class='ocrx_word' id='word_1_126' title='bbox 1403 1661 1591 1710; x_wconf 81' lang='lat' dir='ltr'>Habet</span> <span class='ocrx_word' id='word_1_127' title='bbox 1638 1660 1783 1710; x_wconf 89' lang='lat' dir='ltr'>enim</span> <span class='ocrx_word' id='word_1_128' title='bbox 1831 1659 2114 1725; x_wconf 80' lang='lat' dir='ltr'>praeteriti</span> 
     </span>
     <span class='ocr_line' id='line_1_18' title="bbox 355 1753 2112 1811; baseline -0.005 0"><span class='ocrx_word' id='word_1_129' title='bbox 355 1760 556 1811; x_wconf 79' lang='lat' dir='ltr'>doloris</span> <span class='ocrx_word' id='word_1_130' title='bbox 603 1765 797 1809; x_wconf 69' lang='lat' dir='ltr'>seci‘ira</span> <span class='ocrx_word' id='word_1_131' title='bbox 840 1756 1146 1808; x_wconf 76' lang='lat' dir='ltr'>recordatio</span> <span class='ocrx_word' id='word_1_132' title='bbox 1192 1754 1630 1805; x_wconf 75' lang='lat' dir='ltr'>delectationem.</span> <span class='ocrx_word' id='word_1_133' title='bbox 1729 1753 1938 1804; x_wconf 76' lang='lat' dir='ltr'>Ceteris</span> <span class='ocrx_word' id='word_1_134' title='bbox 1982 1760 2112 1803; x_wconf 79' lang='lat' dir='ltr'>vero</span> 
     </span>
     <span class='ocr_line' id='line_1_19' title="bbox 267 1847 2110 1920; baseline -0.005 -15"><span class='ocrx_word' id='word_1_135' title='bbox 267 1858 313 1905; x_wconf 82' lang='lat'>65</span> <span class='ocrx_word' id='word_1_136' title='bbox 355 1855 505 1904; x_wconf 69' lang='lat' dir='ltr'>nsilla</span> <span class='ocrx_word' id='word_1_137' title='bbox 546 1854 853 1920; x_wconf 67' lang='lat' dir='ltr'>perfssnctis</span> <span class='ocrx_word' id='word_1_138' title='bbox 896 1850 1118 1917; x_wconf 73' lang='lat' dir='ltr'>propria</span> <span class='ocrx_word' id='word_1_139' title='bbox 1160 1849 1424 1909; x_wconf 76' lang='lat' dir='ltr'>molestia,</span> <span class='ocrx_word' id='word_1_140' title='bbox 1472 1854 1632 1898; x_wconf 71' lang='lat' dir='ltr'>cassis</span> <span class='ocrx_word' id='word_1_141' title='bbox 1676 1856 1860 1897; x_wconf 79' lang='lat' dir='ltr'>autem</span> <span class='ocrx_word' id='word_1_142' title='bbox 1904 1847 2110 1897; x_wconf 74' lang='lat' dir='ltr'>alienos</span> 
     </span>
     <span class='ocr_line' id='line_1_20' title="bbox 355 1941 2111 2007; baseline -0.005 -9"><span class='ocrx_word' id='word_1_143' title='bbox 355 1948 473 1998; x_wconf 92' lang='lat' dir='ltr'>sine</span> <span class='ocrx_word' id='word_1_144' title='bbox 511 1948 620 1997; x_wconf 73' lang='lat' dir='ltr'>fillo</span> <span class='ocrx_word' id='word_1_145' title='bbox 657 1947 841 1997; x_wconf 79' lang='lat' dir='ltr'>dolore</span> <span class='ocrx_word' id='word_1_146' title='bbox 878 1944 1220 1995; x_wconf 81' lang='lat' dir='ltr'>intuentibus</span> <span class='ocrx_word' id='word_1_147' title='bbox 1261 1942 1425 1993; x_wconf 84' lang='lat' dir='ltr'>etiam</span> <span class='ocrx_word' id='word_1_148' title='bbox 1466 1942 1587 2007; x_wconf 87' lang='lat' dir='ltr'>ipsa</span> <span class='ocrx_word' id='word_1_149' title='bbox 1626 1941 1996 1991; x_wconf 77' lang='lat' dir='ltr'>misericordia</span> <span class='ocrx_word' id='word_1_150' title='bbox 2028 1949 2111 1991; x_wconf 85' lang='lat' dir='ltr'>est</span> 
     </span>
     <span class='ocr_line' id='line_1_21' title="bbox 355 2035 2111 2106; baseline -0.005 -15"><span class='ocrx_word' id='word_1_151' title='bbox 355 2041 608 2095; x_wconf 71' lang='lat' dir='ltr'>ificunda</span> <span class='ocrx_word' id='word_1_152' title='bbox 691 2040 871 2106; x_wconf 72' lang='lat' dir='ltr'>Quem</span> <span class='ocrx_word' id='word_1_153' title='bbox 909 2039 1055 2089; x_wconf 89' lang='lat' dir='ltr'>enim</span> <span class='ocrx_word' id='word_1_154' title='bbox 1093 2042 1343 2087; x_wconf 69' lang='lat' dir='ltr'>nosti-sim</span> <span class='ocrx_word' id='word_1_155' title='bbox 1381 2036 1469 2086; x_wconf 82' lang='lat' dir='ltr'>ille</span> <span class='ocrx_word' id='word_1_156' title='bbox 1508 2035 1746 2085; x_wconf 78' lang='lat' dir='ltr'>moriens</span> <span class='ocrx_word' id='word_1_157' title='bbox 1776 2035 1924 2100; x_wconf 85' lang='lat' dir='ltr'>apud</span> <span class='ocrx_word' id='word_1_158' title='bbox 1955 2036 2111 2084; x_wconf 88' lang='lat' dir='ltr'>Man-</span> 
     </span>
     <span class='ocr_line' id='line_1_22' title="bbox 354 2128 2110 2200; baseline -0.005 -15"><span class='ocrx_word' id='word_1_159' title='bbox 354 2135 559 2185; x_wconf 73' lang='lat' dir='ltr'>tineam</span> <span class='ocrx_word' id='word_1_160' title='bbox 600 2133 1017 2200; x_wconf 75' lang='lat' dir='ltr'>Epaminondas</span> <span class='ocrx_word' id='word_1_161' title='bbox 1051 2138 1159 2181; x_wconf 76' lang='lat' dir='ltr'>non</span> <span class='ocrx_word' id='word_1_162' title='bbox 1200 2147 1324 2181; x_wconf 83' lang='lat' dir='ltr'>cum</span> <span class='ocrx_word' id='word_1_163' title='bbox 1362 2130 1600 2196; x_wconf 73' lang='lat' dir='ltr'>quadam</span> <span class='ocrx_word' id='word_1_164' title='bbox 1639 2128 1989 2178; x_wconf 75' lang='lat' dir='ltr'>miseratione</span> <span class='ocrx_word' id='word_1_165' title='bbox 2024 2129 2110 2178; x_wconf 76' lang='lat' dir='ltr'>de-</span> 
     </span>
     <span class='ocr_line' id='line_1_23' title="bbox 355 2222 2105 2295; baseline -0.005 -15"><span class='ocrx_word' id='word_1_166' title='bbox 355 2229 558 2280; x_wconf 80' lang='lat' dir='ltr'>lectat?</span> <span class='ocrx_word' id='word_1_167' title='bbox 661 2228 773 2295; x_wconf 76' lang='lat' dir='ltr'>Qui</span> <span class='ocrx_word' id='word_1_168' title='bbox 817 2235 935 2277; x_wconf 83' lang='lat' dir='ltr'>tum</span> <span class='ocrx_word' id='word_1_169' title='bbox 989 2225 1226 2291; x_wconf 76' lang='lat' dir='ltr'>denique</span> <span class='ocrx_word' id='word_1_170' title='bbox 1274 2223 1375 2273; x_wconf 82' lang='lat' dir='ltr'>sibi</span> <span class='ocrx_word' id='word_1_171' title='bbox 1423 2223 1581 2273; x_wconf 76' lang='lat' dir='ltr'>evelli</span> <span class='ocrx_word' id='word_1_172' title='bbox 1632 2222 1784 2272; x_wconf 81' lang='lat' dir='ltr'>iubet</span> <span class='ocrx_word' id='word_1_173' title='bbox 1837 2222 2105 2287; x_wconf 79' lang='lat' dir='ltr'>spiculum</span> 
     </span>
     <span class='ocr_line' id='line_1_24' title="bbox 266 2315 2108 2388; baseline -0.005 -14"><span class='ocrx_word' id='word_1_174' title='bbox 266 2341 315 2375; x_wconf 92' lang='lat'>70</span> <span class='ocrx_word' id='word_1_175' title='bbox 355 2328 548 2388; x_wconf 73' lang='lat' dir='ltr'>postea</span> <span class='ocrx_word' id='word_1_176' title='bbox 595 2338 759 2388; x_wconf 82' lang='lat' dir='ltr'>quam</span> <span class='ocrx_word' id='word_1_177' title='bbox 808 2329 857 2371; x_wconf 88' lang='grc' dir='ltr'>θῑ</span> <span class='ocrx_word' id='word_1_178' title='bbox 903 2326 1251 2386; x_wconf 71' lang='lat' dir='ltr'>percontanti</span> <span class='ocrx_word' id='word_1_179' title='bbox 1298 2316 1503 2366; x_wconf 78' lang='lat' dir='ltr'>dictum</span> <span class='ocrx_word' id='word_1_180' title='bbox 1558 2323 1642 2366; x_wconf 81' lang='lat' dir='ltr'>est</span> <span class='ocrx_word' id='word_1_181' title='bbox 1694 2315 1931 2380; x_wconf 85' lang='lat' dir='ltr'>clipeum</span> <span class='ocrx_word' id='word_1_182' title='bbox 1986 2332 2108 2365; x_wconf 87' lang='lat' dir='ltr'>esse</span> 
     </span>
     <span class='ocr_line' id='line_1_25' title="bbox 355 2408 2105 2477; baseline -0.006 -11"><span class='ocrx_word' id='word_1_183' title='bbox 355 2417 583 2477; x_wconf 86' lang='lat' dir='ltr'>salvum,</span> <span class='ocrx_word' id='word_1_184' title='bbox 626 2424 685 2465; x_wconf 84' lang='lat' dir='ltr'>ut</span> <span class='ocrx_word' id='word_1_185' title='bbox 726 2414 889 2465; x_wconf 83' lang='lat' dir='ltr'>etiam</span> <span class='ocrx_word' id='word_1_186' title='bbox 932 2413 986 2462; x_wconf 92' lang='lat' dir='ltr'>in</span> <span class='ocrx_word' id='word_1_187' title='bbox 1027 2411 1269 2462; x_wconf 80' lang='lat' dir='ltr'>vulneris</span> <span class='ocrx_word' id='word_1_188' title='bbox 1311 2410 1498 2460; x_wconf 76' lang='lat' dir='ltr'>dolore</span> <span class='ocrx_word' id='word_1_189' title='bbox 1540 2415 1718 2475; x_wconf 78' lang='lat' dir='ltr'>aequo</span> <span class='ocrx_word' id='word_1_190' title='bbox 1758 2408 1941 2458; x_wconf 73' lang='lat' dir='ltr'>animo</span> <span class='ocrx_word' id='word_1_191' title='bbox 1981 2425 2105 2458; x_wconf 84' lang='lat' dir='ltr'>cum</span> 
     </span>
     <span class='ocr_line' id='line_1_26' title="bbox 354 2503 2107 2567; baseline -0.005 -7"><span class='ocrx_word' id='word_1_192' title='bbox 354 2510 515 2560; x_wconf 84' lang='lat' dir='ltr'>laude</span> <span class='ocrx_word' id='word_1_193' title='bbox 558 2515 873 2559; x_wconf 73' lang='lat' dir='ltr'>moreretur.</span> <span class='ocrx_word' id='word_1_194' title='bbox 956 2506 1126 2558; x_wconf 72' lang='lat' dir='ltr'>Csiius</span> <span class='ocrx_word' id='word_1_195' title='bbox 1168 2504 1408 2555; x_wconf 83' lang='lat' dir='ltr'>studium</span> <span class='ocrx_word' id='word_1_196' title='bbox 1448 2503 1501 2552; x_wconf 90' lang='lat' dir='ltr'>in</span> <span class='ocrx_word' id='word_1_197' title='bbox 1539 2503 1778 2567; x_wconf 78' lang='lat' dir='ltr'>legendo</span> <span class='ocrx_word' id='word_1_198' title='bbox 1814 2508 1923 2551; x_wconf 80' lang='lat' dir='ltr'>non</span> <span class='ocrx_word' id='word_1_199' title='bbox 1967 2508 2107 2552; x_wconf 75' lang='lat' dir='ltr'>erec-</span> 
     </span>
    </p>
   </div>
   <div class='ocr_carea' id='block_1_3' title="bbox 353 2641 2106 3043">
    <p class='ocr_par' dir='ltr' id='par_1_3' title="bbox 353 2641 2106 3043">
     <span class='ocr_line' id='line_1_27' title="bbox 353 2641 2106 2698; baseline -0.005 -11"><span class='ocrx_word' id='word_1_200' title='bbox 353 2648 418 2698; x_wconf 88' lang='lat'>48.</span> <span class='ocrx_word' id='word_1_201' title='bbox 449 2647 669 2688; x_wconf 74' lang='lat' dir='ltr'>facultate</span> <span class='ocrx_word' id='word_1_202' title='bbox 699 2648 744 2687; x_wconf 89' lang='lat' dir='ltr'>et</span> <span class='ocrx_word' id='word_1_203' title='bbox 773 2645 912 2698; x_wconf 83' lang='lat' dir='ltr'>copia,</span> <span class='ocrx_word' id='word_1_204' title='bbox 945 2646 1091 2695; x_wconf 73' lang='lat' dir='ltr'>abz&#39;lity</span> <span class='ocrx_word' id='word_1_205' title='bbox 1121 2644 1215 2681; x_wconf 79' lang='lat' dir='ltr'>aml</span> <span class='ocrx_word' id='word_1_206' title='bbox 1252 2641 1402 2688; x_wconf 86' lang='lat' dir='ltr'>lestia‚</span> <span class='ocrx_word' id='word_1_207' title='bbox 1438 2642 1525 2680; x_wconf 72' lang='lat' dir='ltr'>who</span> <span class='ocrx_word' id='word_1_208' title='bbox 1558 2642 1663 2679; x_wconf 72' lang='lat' dir='ltr'>lmve</span> <span class='ocrx_word' id='word_1_209' title='bbox 1694 2654 1806 2692; x_wconf 74' lang='lat' dir='ltr'>gone</span> <span class='ocrx_word' id='word_1_210' title='bbox 1840 2641 2014 2691; x_wconf 65' lang='lat' dir='ltr'>through</span> <span class='ocrx_word' id='word_1_211' title='bbox 2055 2655 2106 2678; x_wconf 81' lang='lat'>710</span> 
     </span>
     <span class='ocr_line' id='line_1_28' title="bbox 354 2708 2103 2768; baseline -0.004 -14"><span class='ocrx_word' id='word_1_212' title='bbox 354 2718 577 2768; x_wconf 78' lang='lat' dir='ltr'>eloquence.</span> <span class='ocrx_word' id='word_1_213' title='bbox 651 2728 716 2765; x_wconf 84' lang='lat'>49.</span> <span class='ocrx_word' id='word_1_214' title='bbox 752 2715 959 2760; x_wconf 87' lang='lat' dir='ltr'>reditum,</span> <span class='ocrx_word' id='word_1_215' title='bbox 995 2714 1057 2751; x_wconf 89' lang='lat' dir='ltr'>i.e.</span> <span class='ocrx_word' id='word_1_216' title='bbox 1104 2713 1207 2750; x_wconf 82' lang='lat' dir='ltr'>from</span> <span class='ocrx_word' id='word_1_217' title='bbox 1251 2712 1405 2748; x_wconf 60' lang='lat' dir='ltr'>trouble</span> <span class='ocrx_word' id='word_1_218' title='bbox 1426 2711 1719 2762; x_wconf 73' lang='lat' dir='ltr'>ofllleirown.</span> <span class='ocrx_word' id='word_1_219' title='bbox 1779 2709 1842 2757; x_wconf 78' lang='lat'>69.</span> <span class='ocrx_word' id='word_1_220' title='bbox 1871 2708 2103 2759; x_wconf 84' lang='lat' dir='ltr'>spiculum,</span> 
     </span>
     <span class='ocr_line' id='line_1_29' title="bbox 355 2777 2104 2837; baseline -0.005 -14"><span class='ocrx_word' id='word_1_221' title='bbox 355 2786 471 2824; x_wconf 83' lang='lat' dir='ltr'>exile.</span> <span class='ocrx_word' id='word_1_222' title='bbox 518 2796 580 2837; x_wconf 88' lang='lat'>50.</span> <span class='ocrx_word' id='word_1_223' title='bbox 603 2785 962 2835; x_wconf 72' lang='lat' dir='ltr'>corpus‚v0l2m2e.</span> <span class='ocrx_word' id='word_1_224' title='bbox 1011 2792 1072 2833; x_wconf 82' lang='lat'>55.</span> <span class='ocrx_word' id='word_1_225' title='bbox 1095 2781 1205 2820; x_wconf 87' lang='lat' dir='ltr'>mul·</span> <span class='ocrx_word' id='word_1_226' title='bbox 1251 2779 1509 2830; x_wconf 65' lang='lat' dir='ltr'>spem-head.</span> <span class='ocrx_word' id='word_1_227' title='bbox 1575 2788 1636 2829; x_wconf 92' lang='lat'>70.</span> <span class='ocrx_word' id='word_1_228' title='bbox 1673 2777 1714 2817; x_wconf 88' lang='lat' dir='ltr'>ei</span> <span class='ocrx_word' id='word_1_229' title='bbox 1734 2777 2030 2828; x_wconf 84' lang='lat' dir='ltr'>percontanti,</span> <span class='ocrx_word' id='word_1_230' title='bbox 2057 2779 2104 2816; x_wconf 81' lang='lat' dir='ltr'>in</span> 
     </span>
     <span class='ocr_line' id='line_1_30' title="bbox 353 2847 2104 2904; baseline -0.005 -10"><span class='ocrx_word' id='word_1_231' title='bbox 353 2854 500 2894; x_wconf 86' lang='lat' dir='ltr'>torum</span> <span class='ocrx_word' id='word_1_232' title='bbox 533 2885 541 2893; x_wconf 86' lang='lat'><strong>.</strong></span> <span class='ocrx_word' id='word_1_233' title='bbox 575 2884 583 2893; x_wconf 90' lang='lat'><strong>.</strong></span> <span class='ocrx_word' id='word_1_234' title='bbox 616 2884 624 2892; x_wconf 90' lang='lat'>.</span> <span class='ocrx_word' id='word_1_235' title='bbox 654 2852 966 2904; x_wconf 81' lang='lat' dir='ltr'>proditionem,</span> <span class='ocrx_word' id='word_1_236' title='bbox 988 2851 1051 2888; x_wconf 89' lang='lat' dir='ltr'>i.e.</span> <span class='ocrx_word' id='word_1_237' title='bbox 1075 2856 1116 2887; x_wconf 80' lang='lat' dir='ltr'>at</span> <span class='ocrx_word' id='word_1_238' title='bbox 1137 2850 1205 2887; x_wconf 79' lang='lat' dir='ltr'>the</span> <span class='ocrx_word' id='word_1_239' title='bbox 1252 2861 1418 2886; x_wconf 73' lang='lat' dir='ltr'>answer</span> <span class='ocrx_word' id='word_1_240' title='bbox 1447 2853 1482 2885; x_wconf 76' lang='lat' dir='ltr'>lo</span> <span class='ocrx_word' id='word_1_241' title='bbox 1511 2848 1576 2885; x_wconf 65' lang='lat' dir='ltr'>leis</span> <span class='ocrx_word' id='word_1_242' title='bbox 1606 2847 1801 2897; x_wconf 70' lang='lat' dir='ltr'>question.</span> <span class='ocrx_word' id='word_1_243' title='bbox 1865 2856 1927 2897; x_wconf 89' lang='lat'>71.</span> <span class='ocrx_word' id='word_1_244' title='bbox 1963 2856 2104 2896; x_wconf 80' lang='lat' dir='ltr'>aequo</span> 
     </span>
     <span class='ocr_line' id='line_1_31' title="bbox 355 2915 2104 2971; baseline -0.004 -11"><span class='ocrx_word' id='word_1_245' title='bbox 355 2923 454 2960; x_wconf 89' lang='lat' dir='ltr'>time</span> <span class='ocrx_word' id='word_1_246' title='bbox 476 2923 521 2960; x_wconf 90' lang='lat' dir='ltr'>of</span> <span class='ocrx_word' id='word_1_247' title='bbox 544 2923 606 2960; x_wconf 85' lang='lat' dir='ltr'>his</span> <span class='ocrx_word' id='word_1_248' title='bbox 635 2922 911 2959; x_wconf 84' lang='lat' dir='ltr'>banishment.</span> <span class='ocrx_word' id='word_1_249' title='bbox 971 2930 1034 2971; x_wconf 83' lang='lat'>57.</span> <span class='ocrx_word' id='word_1_250' title='bbox 1063 2929 1205 2964; x_wconf 85' lang='lat' dir='ltr'>casus,</span> <span class='ocrx_word' id='word_1_251' title='bbox 1250 2916 1411 2962; x_wconf 86' lang='lat' dir='ltr'>animo,</span> <span class='ocrx_word' id='word_1_252' title='bbox 1444 2916 1522 2953; x_wconf 80' lang='lat' dir='ltr'>abl.</span> <span class='ocrx_word' id='word_1_253' title='bbox 1555 2916 1660 2961; x_wconf 81' lang='lat' dir='ltr'>abs.;</span> <span class='ocrx_word' id='word_1_254' title='bbox 1709 2920 1887 2952; x_wconf 86' lang='lat' dir='ltr'>connect</span> <span class='ocrx_word' id='word_1_255' title='bbox 1922 2915 2019 2952; x_wconf 75' lang='lat' dir='ltr'>with</span> <span class='ocrx_word' id='word_1_256' title='bbox 2055 2916 2104 2953; x_wconf 85' lang='lat' dir='ltr'>z&#39;n</span> 
     </span>
     <span class='ocr_line' id='line_1_32' title="bbox 356 2981 2102 3043; baseline -0.005 -14"><span class='ocrx_word' id='word_1_257' title='bbox 356 2991 623 3030; x_wconf 79' lang='lat' dir='ltr'>vicz&#39;ssz&#39;tudes.</span> <span class='ocrx_word' id='word_1_258' title='bbox 706 2990 769 3043; x_wconf 85' lang='lat'>65.</span> <span class='ocrx_word' id='word_1_259' title='bbox 811 2988 936 3028; x_wconf 84' lang='lat' dir='ltr'>nulla</span> <span class='ocrx_word' id='word_1_260' title='bbox 967 3017 974 3026; x_wconf 95' lang='lat'><strong><em>.</em></strong></span> <span class='ocrx_word' id='word_1_261' title='bbox 1018 3016 1026 3025; x_wconf 89' lang='lat'>.</span> <span class='ocrx_word' id='word_1_262' title='bbox 1068 3016 1075 3024; x_wconf 96' lang='lat'>.</span> <span class='ocrx_word' id='word_1_263' title='bbox 1114 2996 1204 3026; x_wconf 90' lang='lat' dir='ltr'>mo·</span> <span class='ocrx_word' id='word_1_264' title='bbox 1251 2985 1444 3024; x_wconf 73' lang='lat' dir='ltr'>vulneris</span> <span class='ocrx_word' id='word_1_265' title='bbox 1473 2985 1617 3022; x_wconf 74' lang='lat' dir='ltr'>dolore.</span> <span class='ocrx_word' id='word_1_266' title='bbox 1692 2994 1753 3035; x_wconf 91' lang='lat'>72.</span> <span class='ocrx_word' id='word_1_267' title='bbox 1791 2981 2003 3031; x_wconf 86' lang='lat' dir='ltr'>studium,</span> <span class='ocrx_word' id='word_1_268' title='bbox 2035 2983 2102 3022; x_wconf 85' lang='lat' dir='ltr'>in-</span> 
     </span>
    </p>
   </div>
  </div>
 </body>
</html>
