2242 3306
175 652 218 688 15

188 2072 237 2108 30

193 2540 238 2577 35

256 117 327 168 94
677 104 1220 145 CORRESPONDENCE
1258 104 1332 143 OF
1370 103 1593 143 CICERO.

257 254 442 306 animo
487 258 542 303 ῖθ
588 250 804 312 fecisse,
849 249 947 300 sed
991 257 1179 299 tamen
1232 265 1413 315 neque
1467 248 1819 314 agnoscimus
1872 248 2017 316 quic-

258 365 421 417 quam
465 353 653 398 eorum
695 352 748 395 et
787 350 842 394 te
882 349 1157 404 miramur,
1201 359 1323 393 cum
1375 342 1512 393 haec
1561 341 1861 403 reticueriS‚
1904 349 2016 393 non

259 441 506 509 potuisse
535 439 820 491 continere
846 436 1187 487 iracundiam
1217 444 1369 486 tuam
1398 444 1530 503 quin
1559 436 1717 486 nobis
1746 436 1814 486 de
1842 443 2017 486 morte

261 535 513 589 Caesaris
555 533 815 584 obiceres,
899 531 1042 581 Illud
1080 536 1212 580 vero
1252 546 1415 596 quem
1457 530 1526 579 ad
1571 530 1795 580 modum
1836 530 2019 579 ferun-

260 631 390 682 dum
439 629 508 679 sit
553 634 670 678 ῖῡῖθ
719 626 914 692 cogita,
951 632 1062 675 non
1104 624 1266 674 licere
1307 623 1652 690 praetoribus
1693 622 2019 674 concordiae

261 742 324 775 ac
366 721 633 774 libertatis
677 726 843 771 causa
886 736 986 786 per
1029 718 1269 769 edictum
1314 718 1382 768 de
1430 724 1529 768 suo
1571 717 1687 767 iure
1734 716 2017 778 decedere,

263 826 393 885 quin
435 816 627 867 consul
669 831 821 864 arma
862 813 1113 863 minetur.
1223 812 1473 878 Quorum
1514 810 1722 861 fiducia
1761 810 1898 860 nihil
1938 817 2022 860 est

264 911 411 979 quod
439 917 539 961 nos
568 914 791 960 terreas
875 908 1074 974 Neque
1097 906 1244 956 enim
1268 906 1427 956 decet
1455 913 1549 955 aut
1577 882 1837 956 convenit
1864 903 2021 954 nobis

265 1005 508 1073 periculo
542 1004 638 1053 ussi
670 1001 992 1053 submittere
1030 1000 1274 1051 animum
1313 1007 1562 1050 nostrum
1590 1015 1772 1065 neque
1800 1006 1883 1048 est
1910 997 2024 1048 An-

265 1099 416 1151 tonio
459 1097 854 1165 postulandum
902 1103 961 1146 ut
1002 1095 1067 1145 iis
1114 1095 1350 1160 imperet
1393 1100 1625 1160 quorum
1673 1098 1843 1158 opera
1889 1091 2025 1142 liber

267 1202 363 1245 est.
447 1193 565 1243 Nos
603 1199 649 1242 εῑ
685 1190 790 1241 alia
828 1191 1180 1240 hortarentur
1215 1197 1274 1238 ut
1313 1187 1519 1238 bellum
1561 1187 1718 1237 civile
1759 1185 2025 1236 suscitare
2094 1188 2102 1191 s

266 1287 548 1348 vellemus
598 1285 812 1336 litterae
859 1292 987 1334 tuae
1033 1282 1169 1333 nihil
1216 1282 1562 1348 proficerent.
1660 1280 1832 1330 Nulla
1878 1278 2024 1330 enim

269 1380 531 1433 minantis
569 1379 865 1431 auctoritas
901 1378 1050 1444 apud
1090 1376 1292 1427 liberos
1333 1383 1429 1426 est.
1531 1375 1642 1427 Sed
1683 1374 1914 1441 pulchre
1954 1372 2028 1423 in-

269 1475 486 1542 tellegis
523 1481 634 1525 non
672 1490 838 1540 posse
875 1479 976 1523 nos
1014 1478 1292 1538 quoquam
1330 1469 1552 1536 impelli,
1584 1477 1638 1519 et
1674 1467 1927 1519 fortassis
1965 1472 2028 1517 ea

270 1577 329 1622 re
372 1569 659 1620 minaciter
695 1567 828 1634 agis,
865 1575 926 1617 ut
961 1565 1222 1616 iudicium
1259 1572 1508 1615 nostrum
1546 1570 1725 1613 metus
1761 1561 2026 1612 videatur.

275 1666 394 1716 Nos
422 1664 477 1714 in
507 1665 609 1714 hac
640 1661 915 1714 sententia
953 1677 1141 1711 sumus
1179 1667 1239 1709 ut
1274 1665 1329 1709 te
1365 1658 1654 1725 cupiamus
1690 1656 1746 1706 in
1773 1655 1944 1706 libera
1972 1660 2030 1704 re

273 1759 494 1828 publica
536 1763 799 1824 magnum
840 1764 1003 1823 atque
1044 1756 1340 1806 honestum
1386 1769 1524 1814 esse,
1566 1757 1828 1802 vocemus
1867 1755 1922 1800 ῖθ
1962 1748 2032 1799 ad

274 1854 454 1905 nullas
491 1851 819 1913 inimicitiam,
860 1850 957 1901 sed
994 1857 1180 1900 tamen
1223 1847 1395 1914 pluris
1435 1854 1681 1897 nostram
1722 1844 2031 1895 libertatem

276 1965 442 2016 quam
493 1956 647 1999 tuam
701 1945 995 1996 amicitiam
1049 1943 1416 1994 aestimemus.
1521 1941 1607 1990 Tu
1655 1939 1820 1990 etiam
1866 1945 2033 2004 atque

277 2042 442 2094 etiam
481 2041 607 2092 vide
647 2040 777 2108 quid
819 2038 1103 2105 suscipiam,
1146 2036 1275 2104 quid
1319 2034 1590 2087 sustinere
1632 2040 1810 2100 possis
1851 2047 2033 2098 neque

278 2154 443 2205 quam
473 2136 563 2187 diu
592 2135 786 2186 vixerit
816 2135 1037 2194 Caesar,
1070 2132 1166 2183 sed
1197 2147 1362 2198 quam
1390 2136 1501 2180 non
1533 2128 1625 2179 diu
1662 2125 1908 2193 regnarit
1943 2125 2034 2175 fac

278 2231 503 2297 cogites.
611 2230 762 2280 Deos
816 2243 1165 2295 quaesumuS,
1223 2223 1452 2276 consilia
1502 2231 1598 2274 tua
1649 2229 1728 2272 rei
1779 2219 2034 2287 publicae

280 2324 542 2376 salutaria
576 2323 685 2374 sint
721 2340 783 2373 ac
820 2321 949 2383 tibi3
993 2329 1039 2371 εῑ
1074 2320 1269 2380 minuS‚
1309 2327 1370 2368 ut
1408 2318 1558 2368 salva
1600 2323 1765 2382 atque
1804 2315 2035 2364 honesta

279 2426 337 2470 re
379 2418 598 2485 publica
634 2416 733 2467 tibi
766 2433 930 2483 quam
968 2414 1257 2464 minimum
1297 2418 1535 2462 noceant
1575 2414 1847 2476 optamus.
1930 2407 2036 2456 Pri-

281 2513 368 2564 die
399 2513 542 2563 Non.
577 2512 722 2563 Sext.

282 2654 516 2692 Dolabella.
578 2653 669 2691 The
705 2652 847 2704 sequel
882 2649 1138 2700 abundantly
1183 2649 1298 2695 dere,
1329 2654 1365 2686 lo
1397 2645 1633 2697 relinquz'slz
1667 2643 1778 2682 tlzez'r
1806 2641 2030 2691 authority.

282 2722 585 2761 substantiated
620 2721 700 2759 this
734 2726 884 2772 report,
917 2720 998 2758 and
1033 2719 1138 2757 their
1187 2729 1248 2756 20.
1284 2727 1431 2768 opera,
1461 2715 1526 2754 i.e.
1562 2714 1604 2752 in
1639 2713 1710 2752 the
1745 2709 2036 2750 assassination

283 2797 451 2843 present
495 2791 633 2830 denial
679 2790 832 2841 (neque
880 2789 1140 2841 agnoscimus
1186 2787 1231 2825 of
1262 2787 1424 2825 Caesar.
1504 2795 1566 2834 23.
1598 2781 1796 2834 pulchre,
1819 2778 2032 2832 perfeclly.

285 2862 510 2912 quicquam
546 2859 712 2911 eorum)
749 2865 857 2897 must
892 2859 997 2896 have
1032 2857 1139 2895 been
1187 2866 1250 2908 25.
1319 2853 1545 2899 iudicium,
1614 2851 1805 2897 decision,
1874 2847 2037 2886 resolve.

285 2930 502 2968 insincere.
603 2939 661 2967 11.
718 2926 1019 2980 agnoscimus,
1075 2940 1140 2964 ac·
1188 2935 1251 2976 27.
1281 2934 1502 2969 vocemus,
1531 2921 1766 2972 clzallenge,·
1798 2917 1937 2956 notice
1967 2915 2039 2954 the

284 2998 528 3050 knowledge,
562 3011 667 3036 own.
742 2996 802 3036 16.
835 2996 889 3036 de
911 3025 919 3035 .
948 3025 956 3034 .
984 3024 994 3034 .
1020 2995 1141 3035 dece·
1187 2994 1432 3044 asyndeton.
