2242 3306
249 639 292 662 10

246 2306 288 2329 IO

337 90 403 154 56
752 97 1293 137 CORREsPoNoENCE
1332 97 1406 136 oF
1445 97 1669 138 CICERO.

333 243 470 294 nihil
499 259 620 293 esse
649 242 811 292 audie
840 259 1020 308 neque
1050 250 1167 291 auri
1194 259 1373 308 neque
1404 250 1632 307 argenti.
1716 242 1780 292 Id
1814 250 1858 292 si
1884 241 1959 293 ita
1986 251 2085 305 est,

334 337 587 388 essedum
620 336 840 403 aliquod
871 336 1058 402 capias
1088 336 1294 386 suadee
1322 343 1375 385 et
1410 336 1477 385 ad
1511 342 1611 385 nes
1645 353 1809 402 quam
1848 344 2086 402 primurn

334 437 598 482 recurras.
670 430 767 480 Sin
797 438 979 480 autem
1011 430 1127 479 sine
1159 429 1445 479 Britannia
1474 437 1658 479 tamen
1683 430 1913 496 adsequi
1940 431 2087 496 quod

333 525 586 576 volumus
615 540 924 590 possunmS‚
950 524 1151 589 perfice
1174 530 1232 572 ut
1255 531 1328 572 sis
1352 523 1405 572 in
1428 522 1791 573 familiaribus
1815 523 2083 574 Caesaris.

338 619 576 669 Multum
605 625 659 668 te
687 618 741 667 in
771 625 835 668 ee
867 618 1040 667 frater
1076 616 1357 666 adiuvabit
1391 633 1561 677 meus,
1593 617 1826 666 multum
1865 617 2084 678 Balbus,

334 713 446 773 sed,
477 712 610 762 mihi
643 712 819 772 crede,
856 719 982 761 tuus
1021 711 1200 777 pudor
1236 718 1289 760 et
1326 710 1480 760 labor
1516 710 1828 775 plurimum.
1912 710 2089 776 Impe-

334 812 569 856 raterem
594 806 764 855 habes
794 804 1253 865 liberalissimum,
1280 809 1518 854 aetatem
1542 803 2085 869 opportunissimam,

334 899 871 950 commendationem
910 905 1058 949 certe
1092 898 1445 963 singularem,
1476 905 1536 948 ut
1567 897 1666 947 tibi
1686 880 1868 947 ⁴sinum
1898 897 2089 948 timen-

334 994 463 1044 dum
494 993 576 1055 sit,
608 1000 677 1043 ne
706 993 824 1059 ipse
853 992 951 1042 tibi
979 992 1222 1042 defuisse
1251 991 1486 1042 videare.

442 1202 654 1252 XXIV.
738 1199 1032 1251 CICERO
1090 1198 1462 1250 BANTERS
1516 1197 1977 1250 TREBATIUS

929 1299 1107 1367 (Fam.
1143 1312 1185 1364 7.
1227 1301 1302 1350 16.
1336 1315 1381 1361 2,
1416 1298 1484 1366 3).

408 1444 530 1509 Ego
560 1450 604 1493 si
634 1443 766 1492 foris
795 1441 1109 1499 cenitarem‚
1143 1441 1240 1491 Cn.
1275 1440 1522 1501 Octavio,
1555 1439 1811 1489 familiari
1836 1445 1945 1500 tue,
1976 1445 2087 1489 nen

334 1537 665 1597 defuissem;
710 1536 798 1586 cui
837 1544 1023 1585 tamen
1067 1535 1187 1595 dixi,
1232 1551 1356 1584 cum
1399 1540 1486 1584 me
1526 1533 1854 1600 aliquotiens
1900 1533 2088 1583 invita-

332 1639 445 1682 ret:
514 1618 660 1682 ‘Oro
714 1636 780 1690 te,
836 1629 958 1695 quis
1011 1635 1069 1678 tsi
1125 1628 1250 1679 es?’
1358 1628 1468 1679 Sed
1521 1628 1880 1688 mehercules,
1936 1633 2088 1677 extra

332 1725 527 1785 iocum,
560 1725 725 1773 home
757 1723 935 1773 bellus
969 1730 1083 1783 est3
1125 1722 1323 1772 vellem
1362 1738 1488 1771 eum
1523 1728 1705 1771 tecum
1747 1720 2083 1770 abduxisses.

335 1818 484 1885 Quid
513 1818 690 1883 agatis
720 1825 774 1867 et
803 1816 999 1882 ecquid
1029 1816 1083 1865 in
1121 1803 1336 1865 ltaliam
1364 1821 1583 1865 venturi
1617 1815 1733 1865 sitis
1766 1815 1868 1864 hac
1906 1814 2086 1864 hieme

332 1914 421 1963 fac
463 1913 628 1978 plane
669 1911 853 1961 sciam.
956 1910 1162 1960 Balbus
1204 1909 1337 1958 mihi
1377 1908 1728 1959 cenfirmavit
1767 1914 1821 1957 te
1861 1907 2086 1957 divitem

332 2007 594 2056 futurum.
693 2005 758 2055 Id
809 2012 989 2054 utrum
1041 2005 1295 2053 Romane
1342 2009 1491 2052 mere
1544 2003 1758 2052 locutus
1812 2001 1894 2062 sit,
1944 2001 2086 2051 bene

331 2078 676 2150 nummatum
730 2105 784 2148 te
837 2099 1100 2158 futurum,
1152 2114 1221 2147 an
1275 2103 1385 2163 que
1437 2097 1601 2147 mode
1656 2095 1826 2147 Steici
1879 2095 2082 2156 dicunt,

331 2202 508 2244 omnis
539 2209 658 2243 esse
688 2192 882 2242 divites
912 2200 1006 2258 qui
1033 2191 1186 2241 caele
1219 2198 1273 2241 et
1305 2196 1449 2240 terra
1486 2190 1595 2239 frui
1632 2189 1862 2255 possint,
1893 2194 2086 2254 postea

331 2287 540 2337 videbe.
634 2287 745 2353 Qui
784 2285 944 2336 istinc
985 2285 1214 2334 veniunt
1255 2283 1571 2350 superbiam
1610 2291 1760 2333 tuam
1803 2288 2083 2343 accusant,

1232 2424 1340 2477 quid
1363 2457 1370 2464 .
1394 2457 1401 2464 .
1425 2456 1433 2464 .
1456 2424 1574 2471 Sitis,
1593 2425 1867 2474 whetheryozc
1887 2436 1963 2460 are
1983 2436 2085 2460 com-

1233 2496 1310 2545 ing
1327 2500 1373 2532 at
1390 2495 1478 2539 all,·
1510 2494 1660 2531 Caesar
1686 2493 1841 2542 usually
1863 2498 1984 2542 spent
2015 2492 2085 2529 the

1233 2564 1375 2601 winter
1402 2564 1443 2600 in
1473 2563 1615 2601 Gallia
1649 2562 1882 2611 Cisalpina,
1912 2561 2001 2598 that
2032 2560 2084 2597 he

329 2428 511 2478 struggle
537 2427 635 2465 with
667 2428 736 2465 the
771 2427 901 2465 Gallic
934 2426 1179 2476 insurgents.

330 2497 366 2536 8.
408 2497 523 2548 quod
557 2497 776 2542 volumus,
814 2496 877 2534 i.e.
919 2496 990 2533 the
1031 2495 1185 2545 prefer-

329 2572 442 2604 ment
479 2566 524 2604 of
553 2566 783 2603 Trebatius.
859 2575 918 2603 12.
950 2564 1180 2603 aetatem:

327 2636 544 2673 Trebatius
584 2648 666 2672 was
707 2640 748 2672 at
790 2634 870 2672 this
915 2634 1012 2671 time
1058 2633 1184 2670 about

329 2705 564 2754 thirty-five.

402 2773 558 2811 XXIV.
614 2783 645 2810 1.
687 2771 727 2811 si
767 2769 878 2811 foris
920 2769 1178 2818 cenitarem,

329 2843 375 2894 if
401 2843 432 2880 I
463 2855 571 2880 were
611 2842 658 2878 in
699 2841 761 2878 llze
798 2841 914 2878 habit
952 2841 1002 2891 os
1029 2840 1187 2889 dining

327 2916 405 2948 out.
467 2921 502 2960 3.
530 2910 658 2949 extra
687 2908 844 2954 iocum,
864 2908 1022 2959 joking
1043 2913 1181 2957 (zparl.

326 2992 362 3032 4.
387 2979 517 3019 homo
538 2978 695 3024 bellus,
713 2977 1006 3033 afinesellow.
1058 2986 1093 3032 5.
1116 2986 1181 3015 ec-

1232 2633 1362 2682 might
1399 2632 1530 2669 watch
1572 2632 1640 2669 the
1681 2643 1825 2668 course
1862 2629 1908 2667 of
1943 2634 2086 2666 events

1230 2708 1270 2739 at
1303 2702 1450 2746 Rome,
1483 2701 1555 2738 but
1586 2700 1735 2748 during
1766 2699 1835 2736 the
1867 2698 2011 2736 winter
2042 2696 2088 2735 of

1230 2779 1363 2821 54—53
1394 2779 1470 2807 B.C.
1503 2769 1555 2806 he
1591 2768 1768 2817 thought
1803 2767 1833 2805 it
1870 2778 2084 2816 necessary

1229 2845 1269 2876 to
1292 2838 1448 2875 remain
1472 2838 1568 2874 with
1592 2837 1655 2874 his
1681 2849 1792 2885 army
1815 2841 1855 2873 at
1884 2836 2082 2872 Samaro-

1228 2907 1348 2944 briva
1373 2905 1606 2956 (Amicus).
1669 2916 1704 2956 7.
1730 2905 1928 2944 Romano
1949 2913 2082 2949 more,

1227 2975 1421 3029 literally.
1438 2975 1619 3013 —bene
1658 2972 1957 3021 nummatum,
1992 2971 2087 3010 well
