2242 3306
585 125 708 164 THE
749 125 926 164 EXILE
964 126 1038 165 To
1081 126 1180 165 HIS
1220 127 1455 167 FAMILY.
1830 134 1889 183 31

146 277 357 330 servivi,
389 268 546 318 nobis
580 268 814 334 gratiam
852 270 1194 319 rettulerunt.
1279 270 1396 321 Nos
1435 272 1712 322 Brundisii
1747 273 1894 339 apud

148 364 224 414 M.
259 361 529 413 Laenium
570 361 831 412 Flaccum
862 362 977 412 dies
1005 362 1108 412 xiii.
1141 363 1363 425 fuimus,
1393 364 1569 414 virum
1608 366 1891 431 optimum,

145 465 238 524 qui
266 456 569 522 periculum
598 455 946 506 fortunarum
976 464 1030 506 et
1058 457 1252 522 capitis
1282 466 1365 507 sui
1398 475 1530 524 prae
1564 465 1685 508 mea
1719 460 1893 510 salute

144 549 400 616 neglexit,
431 566 612 615 neque
640 549 778 615 legis
813 549 1251 616 improbissimae
1290 557 1468 616 poena
1507 552 1774 603 deductus
1813 563 1895 603 est

144 650 252 710 quo
284 642 464 693 minus
502 643 707 709 hospiti
742 650 797 693 et
833 643 1104 694 amicitiae
1142 643 1224 694 ius
1266 644 1615 711 officiumque
1656 653 1896 711 praesta-

144 745 240 787 ret.
325 737 471 787 Huic
510 737 719 786 utinam
758 736 1054 803 aliquando
1088 737 1319 802 gratiam
1351 739 1557 788 referre
1587 741 1891 804 possimus!

147 830 493 881 Habebimus
531 830 752 896 quidem
791 847 1022 896 semper.
1106 830 1398 881 Brundisio
1435 832 1672 897 profecti
1707 850 1894 883 sumus

144 941 188 975 a.
221 925 270 975 d.
302 940 356 974 11.
391 924 458 974 K.
494 923 656 986 Mai.;
701 940 799 990 per
830 924 1217 975 Macedoniam
1254 925 1513 993 Cyzicum
1551 926 1890 991 petebamus.

155 1006 189 1011 —
753 1004 802 1069 ὃ
845 1017 1153 1068 adflictum!

145 1120 205 1162 ut
242 1111 448 1173 venias,
491 1111 774 1161 mulierem
816 1127 1039 1177 aegram
1081 1118 1134 1161 et
1176 1128 1404 1177 corpore
1448 1120 1502 1162 et
1544 1112 1728 1163 animo
1773 1120 1895 1163 con-

146 1019 195 1069 O
238 1024 325 1068 me
365 1018 670 1084 perditum!
1236 1018 1384 1085 Quid
1424 1036 1570 1069 nunc
1611 1036 1802 1084 rogem
1841 1026 1896 1070 te

143 1205 386 1256 sectam?
466 1206 594 1256 Non
642 1205 870 1270 rogem?
950 1205 1082 1257 Sine
1122 1211 1178 1255 te
1220 1205 1386 1271 igitur
1429 1206 1567 1256 sim?
1662 1207 1892 1272 Opinor,

145 1307 221 1350 sic
258 1316 450 1364 agam:
494 1307 540 1348 si
575 1306 660 1349 est
697 1304 824 1364 spes
865 1307 1040 1349 nostri
1077 1299 1300 1360 reditus,
1341 1316 1461 1349 eam
1503 1301 1801 1350 confirmes
1843 1309 1896 1350 et

141 1409 258 1442 rem
288 1392 544 1454 adiuves;
589 1400 688 1453 sin,
721 1399 780 1442 ut
808 1408 912 1458 ego
942 1399 1141 1453 metuo,
1171 1398 1513 1443 transactum
1547 1401 1643 1452 est,
1676 1400 1896 1460 quoquo

144 1487 308 1536 modo
343 1494 503 1553 potes
541 1486 611 1536 ad
646 1492 734 1536 me
771 1486 860 1536 fac
898 1486 1102 1536 venias,

1463 1580 1573 1631 Sed
1608 1581 1738 1646 quid
1770 1581 1895 1630 Tul-

713 1675 830 1724 Iam
873 1673 927 1724 id
972 1680 1069 1724 vos
1116 1674 1328 1735 videte;
1390 1673 1524 1723 mihi
1569 1674 1726 1724 deest
1771 1681 1893 1725 con-

143 1580 373 1642 habebo,
404 1587 514 1630 non
544 1580 678 1630 mihi
704 1580 932 1630 videbor
960 1581 1124 1646 plane
1158 1588 1380 1645 perisse.

144 1674 269 1724 liola
311 1680 432 1724 mea
472 1674 608 1724 fiet?

144 1767 336 1818 silium.
419 1768 530 1819 Sed
571 1774 733 1829 certe,
778 1774 1001 1834 quoquo
1041 1769 1205 1818 modo
1245 1774 1303 1817 se
1342 1774 1429 1817 res
1471 1767 1708 1828 habebit,
1751 1768 1892 1818 illius

1708 1861 1892 1914 Ouid?

955 1956 1068 2006 Iste
1096 1961 1225 2005 vero
1254 1955 1322 2005 sit
1350 1955 1403 2004 in
1434 1955 1555 2005 sinu
1595 1972 1813 2021 semper
1840 1964 1894 2005 et

143 1861 386 1912 misellae
410 1870 463 1912 et
487 1861 833 1912 matrimonio
861 1869 915 1912 et
942 1862 1125 1912 famae
1155 1861 1506 1912 serviendum
1530 1869 1625 1911 est.

144 1955 338 2006 Cicero
366 1972 521 2006 meus
551 1955 680 2022 quid
710 1955 875 2021 aget?

142 2049 431 2115 complexu
462 2056 598 2099 meo.
683 2050 810 2099 Non
840 2055 982 2116 queo
1016 2050 1173 2115 plura
1209 2048 1315 2098 iam
1354 2048 1622 2110 scribere3
1665 2048 1893 2114 impedit

143 2159 370 2193 maeror.
452 2143 537 2193 Tu
580 2142 711 2209 quid
759 2143 935 2208 egeris
982 2142 1184 2203 nescio,
1229 2150 1411 2192 utrum
1453 2141 1657 2208 aliquid
1701 2148 1892 2192 teneas

143 2253 228 2297 an,
259 2235 406 2303 quod
435 2243 635 2297 metuo,
668 2237 833 2302 plane
861 2244 932 2286 sis
968 2236 1214 2302 spoliata.
1297 2236 1567 2297 Pisonem,
1599 2244 1656 2285 ut
1685 2235 1889 2296 scribis,

1185 1474 1378 1537 Unum
1414 1487 1516 1536 hoc
1555 1493 1720 1537 scito:
1764 1495 1808 1537 si
1842 1493 1896 1537 te
1965 1506 1979 1514 -

147 2388 204 2427 14.
232 2377 516 2420 fortunarum
539 2380 584 2420 et
609 2377 798 2431 capitis:
831 2379 883 2417 he
905 2379 998 2417 who

142 2447 348 2487 sheltered
398 2462 450 2486 an
501 2449 650 2487 outlaw
699 2461 782 2486 was
834 2447 1004 2486 himself

141 2514 265 2554 liable
300 2523 342 2554 to
380 2517 643 2555 banishment
677 2519 759 2556 and
795 2518 864 2555 the
901 2530 997 2555 con-

144 2584 330 2623 fiscation
371 2586 416 2624 of
460 2599 485 2624 a
528 2587 637 2624 third
683 2586 729 2624 of
767 2587 831 2624 his
876 2599 997 2636 prop-

144 2659 241 2703 erty.
264 2676 315 2680 —
336 2665 455 2705 prae,
498 2655 546 2693 ἷκε
582 2656 842 2705 comparz'son
878 2655 991 2693 wille.

149 2721 207 2760 18.
255 2721 446 2773 profecti
495 2734 664 2772 sumus,
716 2724 993 2775 petebamus,

144 2791 365 2841 epistolary
409 2797 558 2830 tenses.
655 2803 714 2841 19.
759 2803 798 2831 a.
844 2792 884 2832 d.
934 2797 996 2838 11.‚

144 2875 183 2892 Ξ
203 2861 362 2910 pridie.
384 2882 439 2888 -—
459 2860 694 2911 Cyzicum:
737 2861 789 2899 he
821 2861 997 2910 actually

144 2935 253 2967 went
283 2942 337 2966 no
369 2929 520 2967 farther
551 2930 652 2967 than
681 2929 990 2967 Thessalonica.

145 3005 208 3046 23.
239 2995 495 3038 confirmes:
530 2998 600 3036 the
623 2997 724 3048 subj.
748 2998 782 3036 is
805 2998 996 3049 logically

1044 2379 1285 2430 dependent
1318 2391 1430 2429 upon
1463 2391 1486 2416 a
1516 2377 1614 2415 verb
1647 2377 1692 2415 of
1719 2377 1818 2415 wish
1850 2390 1893 2415 or

1044 2449 1265 2486 command
1297 2447 1466 2498 implied
1496 2447 1535 2484 in
1567 2448 1626 2484 sic
1654 2460 1788 2496 agam,
1812 2448 1892 2484 and

1044 2523 1116 2555 not
1144 2530 1196 2555 an
1222 2517 1408 2554 instance
1435 2516 1481 2553 of
1507 2516 1576 2553 the
1605 2528 1693 2552 rare
1727 2515 1893 2552 definite

1043 2586 1196 2624 second
1220 2598 1368 2636 person
1391 2598 1434 2622 as
1455 2598 1477 2622 a
1502 2585 1719 2622 substitute
1742 2584 1803 2621 for
1824 2584 1892 2621 the

1043 2654 1301 2705 imperative3
1322 2653 1451 2705 cf.s(z[
1466 2655 1622 2691 venias.
1667 2663 1729 2700 24.
1746 2652 1890 2691 trans⁴

1041 2723 1192 2762 actum
1227 2723 1308 2768 est,
1348 2723 1381 2760 it
1419 2724 1453 2760 is
1492 2722 1556 2759 all
1589 2727 1643 2772 up
1677 2721 1778 2759 wille
1813 2734 1886 2760 me.

1044 2792 1106 2830 26.
1129 2790 1339 2836 Tulliola,
1358 2804 1410 2828 an
1433 2790 1692 2828 affectionate
1716 2789 1891 2828 (liminu-

1043 2861 1135 2898 tive.
1197 2871 1259 2910 27.
1289 2858 1380 2905 fiet,
1417 2859 1508 2896 will
1539 2859 1688 2896 become
1723 2859 1790 2911 os:
1822 2858 1891 2895 the

1043 2929 1121 2966 abl.
1156 2928 1197 2966 in
1234 2928 1313 2965 this
1352 2927 1478 2965 idiom
1518 2927 1550 2964 is
1589 2926 1886 2967 instrumental.

1043 3008 1106 3047 29.
1137 2995 1357 3043 misellae,
1380 2996 1477 3034 dim.
1500 2995 1546 3033 of
1576 2995 1714 3033 miser.
1731 3005 1894 3034 —ma-

1940 1040 1986 1064 20

1934 1973 1981 2007 30
