2242 3306
226 372 274 397 20

225 834 269 871 25

223 1307 272 1342 30

222 1771 267 1808 35

216 2247 265 2282 40

312 96 384 168 96
733 112 1270 154 CORRESPONDENCE
1309 114 1383 154 OF
1420 109 1642 155 ciCERo.

313 256 478 307 istum
507 256 740 322 gradum
775 256 1080 323 sapientiae
1117 265 1228 308 nen
1266 258 1597 324 pervenisse.
1682 260 1881 326 Neque
1917 259 2063 310 enim

315 350 612 402 Caesarem
639 350 694 400 in
723 350 1065 401 dissensiene
1093 352 1240 402 civili
1266 368 1386 401 sum
1417 358 1651 413 secatus,
1683 353 1777 402 sed
1809 360 2061 414 amicum,

314 460 650 510 quamquam
702 450 761 493 re
813 443 1157 506 offendebar,
1212 452 1399 494 tamen
1451 451 1562 495 nen
1614 437 1833 495 deserui
1883 462 2063 512 neque

312 536 518 586 bellum
563 553 825 603 umquam
872 537 1029 587 civile
1076 545 1171 588 aut
1216 537 1380 588 etiam
1427 555 1651 588 causam
1704 538 2063 589 dissensienis

313 629 554 695 probavi,
599 647 764 697 quarn
811 630 977 681 etiam
1023 636 1346 682 nascentem
1389 631 1664 697 exstingui
1703 638 1916 681 summe
1959 640 2064 682 stu-

313 722 418 772 dui.
501 724 697 790 Itaque
720 723 775 773 in
797 723 1025 774 victeria
1054 724 1292 774 hominis
1315 725 1614 775 necessarii
1633 741 1813 791 neque
1842 724 2063 775 honeris

312 832 492 882 neque
529 817 796 882 pecfiniae
834 817 1126 868 dulcedine
1163 835 1283 868 sum
1321 826 1533 884 cathS,
1571 818 1768 884 quibus
1805 818 2063 884 praemiis

312 909 519 975 reliqui,
551 910 733 961 minus
761 911 909 976 apud
938 927 1063 961 eum
1097 928 1263 977 quam
1300 928 1405 977 ego
1443 929 1567 962 cum
1605 897 1847 977 possent,
1878 911 2065 962 immo-

312 1002 502 1052 derate
530 1012 657 1054 sunt
684 1004 855 1054 abusi.
937 1005 1127 1071 Atque
1156 1004 1322 1055 etiam.
1351 1011 1437 1055 res
1471 1005 1757 1055 familiaris
1790 1021 1913 1055 mea
1940 1005 2063 1070 lege

314 1096 567 1147 Caesaris
596 1097 878 1148 deminuta
906 1106 1004 1159 est,
1037 1097 1192 1148 cuius
1228 1098 1499 1148 beneficis)
1532 1099 1779 1165 plerique
1812 1107 1906 1165 qui
1933 1099 2064 1150 Cae-

313 1189 448 1239 saris
487 1198 661 1241 morte
698 1191 974 1241 laetantur
1009 1197 1394 1242 remanserunt
1430 1192 1483 1241 in
1522 1192 1756 1242 civitate.
1839 1191 2062 1243 Civibus

310 1282 468 1332 victis
509 1291 568 1334 ut
610 1291 928 1350 parceretur
968 1291 1142 1352 aeque
1182 1302 1245 1335 ac
1288 1292 1388 1351 pre
1428 1292 1549 1336 mea
1590 1286 1767 1335 salute
1802 1285 2058 1335 laberavi.

316 1375 543 1426 Possum
573 1377 752 1443 igitur,
785 1386 878 1444 qui
905 1387 1082 1429 omnis
1109 1379 1377 1429 voluerim
1406 1379 1708 1440 incolumis,
1741 1395 1862 1429 eum
1894 1385 1925 1428 a
1953 1385 2062 1445 que

311 1467 366 1518 id
394 1469 739 1535 impetratum
769 1480 853 1522 est
881 1480 1092 1538 perisse
1121 1478 1232 1522 nen
1261 1471 1548 1538 indignari,
1582 1489 1706 1523 cum
1735 1472 2060 1538 praesertim

310 1562 454 1613 idem
484 1564 733 1615 homines
763 1565 840 1615 illi
867 1574 920 1616 et
948 1566 1185 1617 invidiae
1216 1574 1270 1616 et
1304 1566 1466 1617 exitie
1502 1566 1748 1617 fuerint?
1827 1570 1838 1590 ‘
1860 1566 2061 1616 Plecte-

310 1656 382 1706 ris
411 1659 576 1723 erge,’
607 1658 876 1725 inquiunt,
911 1659 1203 1726 ‘quoniam
1232 1660 1441 1711 factum
1471 1667 1721 1710 nostrum
1749 1658 2060 1725 improbere

310 1754 511 1804 audes)
594 1740 642 1804 O
682 1752 997 1818 superbiam
1037 1752 1355 1814 inauditam,
1395 1753 1529 1804 alies
1569 1755 1624 1803 in
1665 1753 1911 1804 facinore
1951 1752 2061 1818 gle-

308 1848 448 1908 riari‚
485 1846 602 1896 aliis
639 1853 708 1896 ne
745 1846 929 1896 dolere
967 1846 1190 1913 quidem
1227 1847 1498 1913 impunite
1533 1847 1725 1897 licere!
1803 1847 1885 1897 At
1921 1846 2058 1897 haec

308 1941 473 1991 etiam
511 1948 681 1990 servis
720 1956 942 2006 semper
978 1940 1149 1991 libera
1184 1941 1425 2002 fuerunt,
1457 1949 1515 1991 ut
1550 1941 1823 2002 timerent,
1859 1940 2060 2006 gaude-

307 2042 444 2095 rent,
489 2034 738 2084 dolerent
784 2040 882 2083 sue
926 2034 1110 2100 potius
1157 2052 1321 2102 quam
1366 2035 1590 2085 alterius
1633 2034 1872 2096 arbitrie,
1919 2050 2058 2101 quae

305 2145 467 2189 nunc,
511 2135 571 2177 ut
610 2126 831 2193 quidem
872 2127 963 2178 isti
1000 2127 1254 2179 dictitant
1293 2128 1560 2179 libertatis
1601 2134 1867 2189 auctereS‚
1907 2133 2056 2177 metu

304 2221 463 2271 nebis
503 2226 827 2286 extorquere
868 2227 1154 2271 cenantur.
1237 2222 1348 2274 Sed
1389 2221 1525 2271 nihil
1565 2229 1753 2287 agunt.
1836 2221 2057 2271 Nullius

305 2331 568 2381 umquam
597 2314 827 2381 periculi
853 2314 1152 2365 terreribus
1180 2314 1248 2365 ab
1278 2314 1458 2365 officie
1485 2322 1578 2364 aut
1596 2314 1675 2364 ab
1714 2314 2056 2364 hfinianitate

310 2505 368 2543 19.
409 2493 608 2546 gradum,
647 2493 794 2545 Ιιεῄςίιί.
885 2504 950 2533 21.
995 2505 1053 2542 re,
1096 2495 1162 2533 lzis
1206 2494 1423 2546 conspired
1459 2500 1501 2533 to
1540 2494 1705 2533 murder
1738 2493 1824 2532 him
1861 2492 2050 2544 (exitio).

304 2564 454 2601 action.
560 2573 623 2612 23.
691 2573 879 2610 summe,
945 2564 1153 2614 zealously.
1203 2563 1498 2610 ——PlecteriS‚
1519 2577 1605 2614 yon
1631 2563 1741 2601 shall
1759 2568 1895 2601 smart
1908 2563 1986 2615 χόν
2007 2563 2050 2601 it.

306 2642 368 2682 27.
414 2631 541 2683 lege:
592 2631 674 2670 this
718 2632 930 2681 regulated
978 2633 1048 2671 the
1098 2633 1157 2670 in·
1205 2633 1267 2682 36.
1290 2631 1782 2684 impunite,:impune.
1833 2643 1896 2682 39.
1923 2631 2054 2671 ut...

303 2706 509 2738 vestinent
539 2699 585 2738 of
611 2700 775 2751 capital.
836 2699 899 2739 28.
930 2699 1069 2748 cuius,
1097 2714 1153 2739 sc.
1202 2700 1432 2747 dictitant,
1462 2706 1499 2738 2¹0
1521 2701 1655 2752 juagre
1677 2702 1796 2752 from
1829 2700 1942 2737 what
1967 2699 2056 2749 they

303 2769 414 2820 legis.
492 2779 556 2819 33.
602 2767 685 2815 illi,
725 2769 790 2808 i.e.
838 2770 1013 2807 Caesari
1027 2783 1044 2813 ,·
1086 2769 1156 2807 the
1202 2769 1500 2821 „zaja—metu,
1524 2770 1833 2807 intsnzidation.
1893 2779 1959 2817 40.
1988 2767 2054 2807 ni-

303 2850 399 2887 very
428 2850 524 2876 men
554 2837 693 2876 whose
726 2842 948 2876 treatment
981 2843 1022 2875 at
1054 2838 1155 2876 Cae·
1201 2838 1267 2877 hil
1295 2838 1451 2890 agunt,
1482 2839 1571 2888 llzey
1600 2839 1710 2891 effect
1737 2838 1920 2888 nothing,
1953 2837 1989 2874 it
2020 2837 2055 2875 is

303 2907 403 2945 sar's
430 2906 564 2945 hands
592 2906 675 2944 had
703 2908 824 2944 made
852 2906 937 2944 him
966 2919 1155 2957 unpopu-
1201 2907 1251 2959 of
1288 2921 1340 2945 720
1384 2921 1461 2945 use.
1547 2918 1612 2955 41.
1654 2907 1711 2946 ab
1752 2937 1760 2944 .
1807 2935 1815 2944 .
1861 2935 1869 2943 .
1914 2903 2054 2945 desci-

302 2974 362 3014 lar
376 2975 474 3014 with
495 2975 559 3013 his
581 2988 673 3013 own
690 2974 894 3013 followers
915 2975 1156 3026 (invidiae)
1200 2985 1336 3023 scam,
1384 2988 1537 3013 swerve
1573 2976 1693 3027 from
1743 2975 1805 3013 llze
1843 2974 1949 3026 path
1996 2974 2050 3027 of.
