2242 3306
290 550 331 574 Ι)

284 1489 330 1513 20

284 1954 328 1990 25

281 2428 329 2461 30

374 113 443 163 34
792 107 1331 147 CORRESPONDENCE
1370 107 1443 146 OF
1482 107 1703 147 CICERO.

371 259 440 314 te,
470 252 685 314 liberes,
712 251 962 318 patriam,
994 252 1263 313 fortunas,
1294 252 1393 302 tibi
1418 252 1582 302 velim
1611 259 1681 302 ne
1709 252 1839 318 quid
1870 253 2128 319 eripuerit

372 355 592 413 praeter
634 353 803 396 finum
845 352 945 395 me.
1029 345 1140 396 Sed
1181 352 1329 396 certe
1362 352 1393 396 a
1429 352 1482 396 te
1516 346 1651 396 mihi
1690 347 1876 396 omnia
1909 364 2129 413 semper

373 442 607 491 honesta
649 449 702 490 et
743 440 983 490 iucunda
1029 440 1360 501 ceciderunt,
1404 446 1435 490 a
1475 447 1563 490 me
1602 440 1700 490 tibi
1745 441 1924 491 lectus
1971 457 2127 491 meae

372 534 715 593 calamitatis,
767 542 945 584 metus
998 542 1142 595 tuae,
1193 534 1541 595 desiderium,
1591 551 1821 594 maeror,
1873 535 2122 584 seliti‘ide.

375 629 496 693 Ego
536 634 590 678 te
629 628 814 678 videre
862 627 1167 677 neluerim?
1272 628 1451 677 Imme
1490 634 1620 677 vere
1667 634 1754 677 me
1794 634 1824 677 a
1864 634 1918 678 te
1957 628 2130 678 videri

372 722 534 771 nelui.
619 723 746 772 Nen
776 722 921 772 enirn
949 723 1181 773 vidisses
1210 723 1437 773 fratrem
1467 730 1640 783 tuum,
1666 729 1776 772 nen
1807 739 1932 772 eum
1961 739 2125 788 quem

371 817 686 882 reliqueras,
724 823 834 866 nen
877 833 1000 866 eum
1043 834 1204 883 quem
1247 823 1425 878 neres,
1465 823 1576 866 nen
1617 834 1742 866 eum
1784 833 1947 883 quem
1988 816 2126 866 flens

372 909 610 970 flentem,
652 917 1081 976 presequentem
1124 912 1477 976 proficiscens
1519 890 1821 970 dimiseras,
1861 916 1931 959 ne
1969 918 2129 960 vesti-

371 1003 520 1069 gium
546 1003 767 1069 quidem
791 1004 906 1054 eius
931 1021 1031 1055 nec
1056 1004 1425 1066 simulacrum,
1453 1005 1547 1054 sed
1577 1005 1854 1071 quandam
1885 1003 2123 1068 effigiem

372 1097 631 1163 spirantis
672 1106 885 1148 mortui.
967 1099 1155 1165 Atque
1194 1098 1403 1148 utinam
1441 1105 1529 1148 me
1565 1106 1841 1148 mortuum
1877 1097 2026 1163 prius
2053 1106 2123 1147 Vi-

372 1191 546 1241 disses
589 1199 681 1241 aut
722 1193 999 1242 audisses!
1082 1192 1312 1244 Utinam
1352 1199 1407 1242 te
1449 1199 1557 1242 nen
1605 1192 1781 1242 selum
1822 1199 1984 1253 vitae,
2029 1191 2124 1241 sed

372 1285 533 1335 etiam
590 1285 872 1350 dignitatis
926 1303 1080 1336 meae
1135 1286 1487 1352 superstitem
1542 1285 1916 1352 reliquissem!
2016 1285 2124 1336 Sed

370 1387 542 1429 testor
571 1387 747 1429 omnis
778 1379 909 1429 dees
940 1386 1025 1429 me
1054 1370 1294 1430 hacena
1323 1387 1455 1430 vece
1485 1386 1515 1429 a
1544 1389 1718 1430 morte
1749 1397 1869 1430 esse
1907 1387 2124 1431 revoca-

370 1470 501 1534 tum,
534 1473 680 1539 quod
710 1479 901 1523 omnes
930 1473 984 1523 in
1015 1480 1136 1523 mea
1164 1480 1275 1523 vita
1305 1482 1517 1539 partem
1553 1474 1791 1540 aliquam
1826 1482 1952 1524 tuae
1982 1482 2125 1524 vitae

371 1566 670 1632 repositam
711 1584 831 1617 esse
873 1567 1143 1617 dicebant.
1227 1568 1351 1634 Qua
1392 1567 1447 1617 in
1484 1574 1542 1617 re
1579 1574 1806 1633 peccavi
1845 1568 2129 1618 scelerate-

372 1677 476 1727 que
506 1661 626 1711 feci.
711 1662 856 1711 Nam
886 1670 930 1711 si
958 1661 1299 1722 occidissem,
1331 1679 1477 1712 mors
1505 1661 1626 1727 ipsa
1654 1679 1833 1712 meam
1862 1662 2126 1727 pietatem

371 1748 725 1821 ameremque
766 1754 820 1804 in
859 1762 911 1805 te
946 1755 1109 1805 facile
1151 1756 1490 1805 defenderet.
1574 1756 1738 1806 Nunc
1780 1764 2030 1806 commisi
2068 1764 2126 1806 ut

371 1854 458 1898 me
498 1855 624 1898 vive
666 1855 897 1909 careres,
939 1856 1064 1898 vive
1111 1855 1196 1898 me
1243 1850 1361 1898 aliis
1409 1849 1702 1914 indigeres,
1753 1866 1874 1899 mea
1918 1856 2023 1899 vex
2068 1849 2122 1899 in

371 1942 687 1992 domesticis
735 1944 991 2008 periculis
1039 1943 1385 2008 potissimum
1434 1943 1723 2004 occideret,
1767 1960 1907 2009 quae
1956 1960 2123 2009 saepe

371 2035 718 2089 alienissimis
760 2036 1034 2102 praesidie
1074 2037 1284 2087 fuisset.
1370 2038 1513 2087 Nam
1562 2037 1709 2103 quod
1757 2037 1825 2086 ad
1872 2043 1926 2086 te
1970 2045 2127 2102 pueri

371 2129 489 2179 sine
526 2129 1041 2192 litterisvvenerunss
1074 2131 1333 2197 quoniam
1369 2131 1524 2181 vides
1559 2138 1669 2180 nen
1706 2130 1878 2180 fuisse
1915 2137 2124 2181 irecun-

371 2223 515 2272 diam
546 2241 785 2285 causam,
817 2231 966 2274 certe
1003 2224 1223 2290 pigritia
1259 2225 1364 2275 fuit
1401 2233 1454 2274 et
1491 2224 1762 2291 quaedam
1795 2225 2013 2274 infinita
2042 2233 2123 2274 vis

370 2316 719 2367 lacrimarum
748 2325 802 2368 et
831 2318 1094 2368 dolesum.
1179 2319 1337 2369 Haec
1367 2319 1488 2384 ipsa
1526 2324 1613 2367 me
1651 2325 1757 2384 que
1794 2318 1921 2367 fietu
1961 2324 2123 2383 putas

371 2410 695 2475 scripsisse?
776 2412 987 2461 Eedem
1030 2419 1137 2478 que
1177 2419 1231 2462 te
1271 2414 1454 2478 legere
1497 2419 1645 2463 certe
1685 2413 1809 2463 scie.
1891 2413 1984 2463 An
2019 2430 2123 2478 ego

372 2520 597 2569 possum
636 2513 730 2554 aut
770 2512 879 2554 nen
918 2505 1161 2571 cegitare
1202 2507 1498 2572 aliquande
1535 2507 1602 2556 de
1638 2513 1691 2556 te
1729 2515 1822 2556 aut
1859 2523 2121 2572 umquam

371 2597 488 2647 sine
523 2597 760 2648 lacrimis
798 2599 1072 2664 cegitare?
1152 2599 1291 2650 Cum
1330 2601 1476 2650 enim
1511 2607 1563 2650 te
1599 2600 1863 2660 desidere,
1895 2601 2122 2650 fratrem

371 2691 546 2740 selum
600 2691 887 2742 desidere?
992 2694 1114 2758 Ego
1166 2700 1295 2743 vere
1348 2693 1616 2744 suavitate
1669 2694 1896 2743 fratrem
1949 2709 2123 2759 prope

372 2874 380 2883 .
418 2874 426 2882 .
464 2874 471 2882 .
509 2843 727 2893 fortunas,
756 2860 810 2886 sc.
837 2848 1009 2898 erzjsuit.
1073 2859 1132 2898 13.
1164 2859 1226 2888 re·
1272 2849 1330 2887 18.
1367 2848 1621 2900 dignitatis,
1645 2849 1713 2886 i.e.
1740 2848 1792 2898 by
1821 2848 1947 2898 dying
1974 2860 2123 2885 sooner

370 2912 580 2964 liqueras‚
613 2914 680 2952 i.e.
716 2929 769 2953 on
802 2916 966 2964 leaving
1000 2918 1133 2955 Rome
1167 2917 1228 2955 for
1267 2918 1366 2956 than
1403 2918 1554 2955 submit
1594 2924 1636 2955 to
1679 2917 1877 2966 disgrace.
1953 2915 2015 2954 28.
2056 2914 2124 2966 pi-

372 2982 436 3020 his
457 2982 665 3033 province.
730 2995 789 3033 14.
820 2984 1082 3036 vestigium,
1105 2992 1226 3024 trace.
1268 2985 1420 3038 grstia,
1456 2987 1709 3037 supineness.
1782 2996 1847 3035 33.
1878 2982 2122 3031 suavitate,
