2242 3306
552 152 676 191 THE
714 151 865 191 VO'sE
905 151 978 190 OF
1019 151 1336 189 DECEMBER
1377 160 1412 202 5,
1454 150 1505 200 63
1546 150 1639 189 ΒΕ.
1915 153 1977 207 75

227 308 464 366 primum
518 296 850 348 sententiam
905 303 1064 361 putat
1117 295 1185 345 de
1238 259 1714 346 animadversione
1762 296 1977 357 dixisse,

227 409 392 459 quam
435 396 626 441 omnes
668 397 795 440 ante
843 389 1093 439 dixerant
1141 395 1358 454 praeter
1406 389 1718 450 Caesarem,
1764 397 1818 438 et
1858 406 1981 439 cum

226 486 400 552 ipsius
449 483 704 534 Caesaris
753 490 864 533 tam
918 488 1108 532 severa
1163 481 1344 542 fuerit,
1395 490 1488 547 qui
1539 490 1654 531 tum
1708 482 1983 548 praetorio

228 580 346 629 loco
390 577 598 637 dixerit,
643 576 1013 627 consularium
1062 583 1220 641 putat
1266 575 1499 624 leniores
1547 574 1735 636 fuisse,
1783 575 1978 635 Catuli,

230 672 439 732 Servili,
489 671 863 731 Lucullorum,
913 669 1182 730 Curionis,
1233 669 1516 734 Torquati,
1567 668 1778 734 Lepidi,
1824 669 1979 729 Gelli,

226 766 469 826 Volcaci,
505 764 700 830 Figuli,
736 765 947 824 Cottae,
983 764 1043 813 L.
1078 763 1345 823 CaesariS,
1380 763 1437 813 C.
1473 762 1699 823 PisoniS,
1736 763 1828 812 Μ’.
1862 762 1983 813 Gla-

226 858 448 920 brionis,
481 858 644 908 etiam
681 857 866 918 Silani,
903 858 1187 916 Murenae,
1224 856 1638 921 designatorum
1676 856 1978 906 consulum.

230 953 374 1004 ‘Cur
411 959 543 1017 ergo
580 951 635 1001 in
674 950 1005 1001 sententiam
1051 949 1343 1001 Catonis?’
1429 948 1575 1015 Quia
1614 948 1796 999 verbis
1837 949 1984 999 lucu—

227 1045 550 1096 lentioribus
604 1053 658 1095 et
711 1044 960 1110 pluribus
1013 1060 1127 1093 rem
1183 1043 1415 1092 eandem
1469 1042 1979 1108 comprehenderat.

231 1140 324 1189 Me
365 1148 549 1189 autem
592 1139 678 1189 hic
721 1138 909 1188 laudat
951 1137 1098 1204 quod
1140 1136 1457 1198 rettulerim,
1499 1143 1607 1186 non
1649 1136 1795 1202 quod
1838 1144 1985 1202 pate-

230 1233 470 1294 fecerim,
507 1233 827 1284 cohortatus
868 1231 985 1292 sim,
1024 1231 1170 1297 quod
1209 1229 1446 1296 denique
1487 1237 1614 1280 ante
1655 1246 1819 1296 quam
1862 1237 1985 1280 con-

229 1327 466 1377 sulerem
520 1326 640 1392 ipse
697 1324 1066 1375 indicaverim.
1187 1323 1346 1390 Quae
1412 1323 1610 1384 omnia,
1668 1322 1794 1389 quia
1847 1323 1985 1374 Cato

227 1420 481 1471 laudibus
510 1420 779 1470 extulerat
807 1419 860 1468 in
892 1418 1107 1468 caelum
1144 1417 1648 1484 perscribendaque
1677 1422 1981 1478 censuerat,

1873 1511 1982 1560 Hic

229 1615 412 1657 autem
447 1613 505 1657 se
538 1606 703 1657 etiarn
738 1606 978 1656 tribuere
1010 1605 1241 1655 multum
1274 1604 1407 1654 mihi
1440 1611 1598 1670 putat
1635 1603 1782 1670 quod
1821 1611 1985 1669 scrip-

228 1514 431 1564 idcirco
483 1513 538 1564 in
592 1513 706 1563 eius
762 1512 1095 1562 sententiam
1149 1519 1233 1561 est
1286 1511 1436 1561 facta
1488 1509 1765 1560 discessio.

229 1701 359 1751 serit
409 1700 708 1767 ‘optimum
759 1699 1076 1750 consulem!
1185 1697 1323 1764 Quis
1371 1697 1517 1748 enim
1566 1696 1799 1747 ieiunius
1852 1696 1985 1747 dixit

228 1795 518 1845 inimicus?

229 1889 330 1939 sit?

233 1983 358 2033 Hoc
387 1982 607 2048 quidem
637 1981 877 2041 fecisset,
903 1980 1069 2031 etiam
1099 1988 1144 2030 si
1170 1985 1200 2030 a
1229 1978 1450 2030 librario
1477 1977 1791 2029 admonitus
1819 1986 1980 2029 esset.

597 1794 690 1844 Ad
719 1800 903 1844 cetera
930 1799 1061 1843 vero
1088 1792 1186 1842 tibi
1215 1809 1376 1858 quem
1408 1791 1476 1841 ad
1504 1791 1729 1861 modurn
1758 1798 1985 1857 rescrip-

432 1889 677 1939 Tantum
723 1895 882 1953 rogat
929 1887 996 1937 de
1045 1892 1269 1937 senatus
1317 1885 1570 1936 consulto
1616 1892 1675 1935 ut
1722 1883 1981 1950 corrigas,

232 2076 344 2128 Sed
372 2077 509 2127 haec
538 2075 734 2126 iterum
763 2074 881 2141 ipse
910 2073 1121 2124 viderit.

229 2199 301 2238 the
336 2199 605 2251 punishment
637 2198 685 2237 of
714 2199 784 2237 the
814 2198 1084 2237 Catilinarian

230 2269 521 2320 conspirators.
580 2267 649 2306 All
679 2268 798 2306 other
829 2267 1083 2314 authorities,

1129 2199 1191 2236 tlte
1206 2204 1292 2236 vote
1306 2199 1428 2236 taken
1447 2211 1497 2236 on
1519 2198 1582 2236 tlte
1596 2197 1795 2248 proposal
1810 2197 1862 2249 of
1876 2196 1985 2243 Cato,

1131 2267 1217 2305 who
1250 2280 1336 2305 was
1370 2267 1465 2316 only
1496 2267 1665 2305 tribune
1699 2266 1795 2304 elect
1807 2267 1829 2304 .?
1895 2265 1985 2303 The

230 2337 434 2383 however,
457 2350 579 2387 agree
607 2337 649 2374 in
679 2337 887 2387 ascribing
914 2337 985 2375 the
1015 2338 1084 2375 de-

231 2406 361 2444 cision
383 2406 444 2444 for
470 2405 620 2457 capital
649 2406 917 2456 punishment
945 2411 987 2444 to
1016 2405 1085 2443 the

231 2475 351 2513 effect
390 2476 606 2526 produced
644 2475 697 2525 by
737 2475 876 2513 Cato⁷s
915 2475 1080 2525 speech.

233 2554 267 2596 5-
309 2542 576 2584 Caesarem:
629 2544 681 2581 he
728 2544 810 2582 had
856 2544 1086 2582 advocated

231 2612 550 2663 imprisonment
583 2612 642 2650 for
673 2612 742 2650 life
774 2613 856 2651 and
888 2613 1086 2650 confisca-

231 2681 320 2720 tion
343 2681 390 2719 of
406 2682 476 2719 the
499 2687 693 2733 property
715 2681 762 2719 of
785 2682 855 2719 the
878 2682 1087 2732 conspira-

232 2756 328 2788 tors.
383 2750 417 2788 6.
440 2749 662 2802 praetorio
683 2750 801 2790 loco:
836 2750 986 2788 Caesar
1008 2763 1089 2788 was

239 2825 413 2870 praetor
433 2819 680 2870 designatus,
699 2820 780 2857 and
803 2819 933 2870 spoke
955 2819 1088 2856 there-

234 2887 321 2925 fore
343 2888 447 2926 after
476 2889 544 2925 the
574 2888 812 2925 consulares
839 2889 920 2926 and
948 2887 1089 2925 before

235 2956 304 2994 the
332 2958 558 3007 praetorii.
627 2967 685 2994 11.
723 2955 769 2995 in
800 2956 1090 3002 sententiam,

234 3037 288 3063 sc.
316 3026 499 3063 discessio
516 3026 634 3077 βιαία
657 3031 721 3070 est,
752 3026 856 3076 ley
883 3026 976 3063 tlzen
1005 3038 1092 3064 was

1130 2342 1273 2374 senate
1295 2336 1419 2374 voted
1451 2336 1501 2385 by
1531 2335 1707 2374 division
1733 2334 1980 2385 (discessio).

1130 2403 1579 2450 —luculentioribus‚
1599 2405 1769 2442 clearer.
1818 2414 1877 2453 13.
1901 2402 1986 2448 hic,

1132 2474 1192 2512 i.e.
1217 2472 1728 2512 Brutus—rettulerim:
1759 2472 1917 2524 referre
1939 2472 1985 2509 in

1131 2528 1321 2581 sedatum
1356 2542 1388 2580 is
1425 2543 1525 2580 used
1562 2541 1609 2579 of
1644 2542 1714 2579 the
1750 2540 1985 2591 magistrate

1132 2612 1224 2649 who
1269 2617 1364 2662 puts
1412 2611 1553 2649 before
1604 2610 1674 2648 the
1724 2615 1866 2648 senate
1916 2609 1986 2647 the

1132 2680 1321 2719 business
1362 2679 1409 2717 of
1448 2680 1518 2718 the
1563 2679 1733 2725 session,
1774 2679 1855 2717 and
1901 2690 1987 2716 car-

1133 2750 1212 2787 ries
1243 2762 1298 2787 no
1333 2748 1591 2799 implication
1628 2748 1675 2785 of
1704 2748 1768 2785 his
1803 2746 1987 2798 opinion.

1140 2818 1198 2856 16.
1252 2817 1581 2869 perscribenda,
1639 2816 1786 2854 should
1832 2816 1873 2853 be
1926 2829 1987 2852 re-

1135 2887 1290 2926 corded.
1369 2897 1428 2935 19.
1460 2885 1666 2932 ieiunius,
1700 2898 1810 2922 more
1833 2884 1988 2935 grecas?-

1138 2956 1260 3007 ingly.
1326 2965 1388 2994 21.
1419 2954 1637 3006 corrigas:
1674 2954 1853 3004 perhaps
1884 2952 1988 2990 Atti-

1136 3038 1207 3063 cus
1241 3037 1324 3063 was
1365 3029 1407 3062 to
1449 3023 1612 3074 publish
1650 3023 1719 3060 the
1763 3024 1870 3067 Cato,
1907 3022 1989 3059 and

2022 406 2043 444 5

2029 878 2070 902 10

2028 1343 2070 1380 15

2026 1810 2074 1835 20
