2242 3306
205 986 254 1021 30

206 1450 251 1488 35

202 1925 251 1959 40

201 2384 248 2422 45

302 75 396 114 102
711 72 1250 112 CORRESPONDENCE
1289 72 1361 111 OF
1400 70 1619 111 CICERO.

295 215 375 265 rit.
459 215 640 265 Prime
679 215 753 265 ita
796 221 1104 282 pugnatun]
1150 223 1234 266 est
1276 223 1335 266 ut
1377 216 1556 266 acrius
1599 223 1705 267 nen
1749 225 1938 283 posset
1978 234 2044 268 ex

295 314 526 375 utraque
569 317 726 375 parte
769 315 1019 375 pugnari.
1120 309 1241 358 Etsi
1286 309 1562 360 dexterius
1609 315 1795 370 cornu,
1839 310 1892 360 in
1937 317 2044 376 que

294 419 398 468 ego
427 419 577 452 eram
606 419 731 452 curn
768 401 1004 452 Martiae
1037 401 1270 467 legienis
1309 402 1627 452 cohortibus
1665 409 1800 463 octe,
1832 402 2041 468 impeti]

296 503 472 562 primo
524 496 818 562 fugaverat
871 495 1146 561 legionem
1200 510 1366 545 XXXV.
1418 495 1647 556 Antoni,
1698 503 1755 545 ut
1808 495 2044 561 amplius

296 596 492 654 passi-is
543 590 610 640 D.
661 589 804 639 ultra
850 588 1040 650 aciem,
1085 595 1194 656 quo
1239 588 1359 639 loce
1406 596 1647 649 steterat,
1699 588 2040 654 processerit.

299 682 493 748 Itaque
536 700 659 733 curn
708 682 921 749 equites
968 689 1218 732 nostrum
1266 688 1436 732 cornu
1491 681 1777 732 circumire
1823 681 2042 743 vellent,

295 775 539 841 recipere
568 782 655 825 me
687 784 847 842 coepi
878 783 932 826 et
969 775 1147 826 levem
1190 780 1525 825 armi-ituram
1567 781 1848 841 oppenere
1893 775 2047 825 Mau-

295 875 476 918 rerum
506 869 796 936 equitibus,
827 875 897 919 ne
924 875 1148 919 {verses
1178 874 1395 919 nostres
1428 868 1878 934 adgrederentur.
1962 868 2046 918 In-

295 962 452 1012 terim
475 962 634 1012 videc‘)
662 969 750 1012 me
777 979 900 1013 esse
929 962 1072 1013 inter
1095 961 1449 1013 Antenienes
1472 961 1890 1028 Antoniumque
1921 969 2046 1027 post

296 1062 382 1105 me
427 1072 550 1106 esse
597 1055 892 1122 aliquante.
1001 1056 1258 1122 Repente
1305 1071 1509 1122 equum
1556 1054 1757 1105 immisi
1808 1055 1876 1105 ad
1923 1072 2044 1105 eam

295 1149 566 1214 legionem
596 1155 834 1200 tirenum
864 1166 1005 1216 quae
1033 1149 1291 1200 veniebat
1319 1165 1385 1199 eX
1414 1157 1608 1199 castris
1637 1154 1793 1199 sci-ite
1825 1148 2041 1199 reiecto.

295 1243 601 1293 Anteniani
642 1249 730 1293 me
770 1251 1017 1310 insequi;
1066 1250 1241 1294 nostri
1284 1242 1395 1309 pila
1439 1242 1690 1293 conicere
1722 1242 1876 1292 velle.
1960 1243 2047 1292 Ita

295 1336 480 1387 nescie
516 1343 624 1403 que
658 1337 775 1387 fate
812 1353 932 1386 sum
970 1342 1236 1397 servatus
1278 1335 1425 1403 quod
1466 1353 1585 1386 surn
1627 1336 1737 1386 cite
1774 1342 1805 1385 a
1847 1319 2046 1386 nost-ris

294 1430 562 1495 cegnitus
645 1430 711 1480 In
741 1429 861 1496 ipse
890 1429 1147 1490 Aemilia,
1179 1429 1271 1479 ubi
1307 1430 1507 1480 cohors
1545 1429 1798 1481 Caesaris
1835 1435 2045 1494 praete-

293 1523 371 1572 ria
399 1530 530 1584 erat,
560 1523 650 1573 diu
682 1528 991 1590 pugna-itum
1021 1530 1118 1573 est.
1190 1522 1375 1574 Cornu
1407 1521 1729 1589 sinisterius,
1754 1521 1901 1588 quod
1930 1530 2046 1572 erat

292 1616 580 1677 infirmiUS,
624 1616 717 1666 ubi
760 1615 996 1666 Martiae
1039 1615 1273 1682 legionis
1316 1615 1459 1665 duae
1497 1615 1751 1666 cohortes
1795 1623 1952 1665 erant
1994 1624 2046 1665 et

293 1710 489 1760 cohors
544 1709 832 1776 praeteria,
888 1709 1088 1775 pedem
1140 1709 1350 1759 referre
1410 1714 1713 1775 coeperunt
1771 1708 1918 1775 quod
1977 1707 2045 1758 ab

293 1803 537 1870 equitatu
582 1802 1026 1864 circumibantur,
1069 1808 1178 1869 que
1217 1802 1304 1852 Vel
1352 1801 1650 1868 plurimum
1688 1801 1834 1852 valet
1874 1801 2046 1852 Ante-

292 1897 430 1947 nius.
512 1897 650 1948 Cum
693 1902 885 1947 omnes
932 1902 992 1946 se
1038 1895 1381 1962 recepissent
1426 1902 1601 1946 nostri
1639 1894 1875 1955 ordines,
1918 1894 2046 1945 reci-

293 2006 422 2055 pere
446 1996 531 2040 me
560 1989 890 2040 novissimus
919 1997 1079 2055 coepi
1107 1989 1175 2038 ad
1205 1996 1399 2039 castra.
1458 1988 1739 2039 Antenius
1762 1996 2042 2054 tamquam

294 2073 464 2134 victor
500 2092 681 2135 castra
721 2082 936 2150 putavit
977 2089 1035 2133 se
1082 2099 1244 2149 posse
1288 2098 1518 2148 capere;
1569 2087 1677 2149 que
1719 2098 1844 2132 cum
1877 2080 2039 2141 venit,

291 2179 587 2243 compluris
614 2177 689 2227 ibi
715 2176 897 2227 amisit
924 2193 1027 2227 nec
1057 2175 1170 2242 egit
1198 2175 1506 2242 quicquam.

364 2271 574 2322 Audite
617 2277 674 2321 re
719 2270 935 2321 Hirtius
975 2286 1102 2320 cum
1145 2269 1465 2320 cohortibus
1512 2285 1598 2319 XX.
1644 2274 1920 2320 veteranis
1967 2285 2043 2317 re-

290 2365 482 2415 deunti
526 2364 776 2415 Antenie
822 2364 876 2414 in
926 2365 1026 2414 sua
1072 2370 1252 2413 castra
1298 2362 1533 2413 occurrit
1579 2362 1879 2428 cepiasque
1928 2361 2042 2411 eius

291 2465 466 2508 omnis
512 2457 713 2508 delevit
759 2456 1085 2523 fugavitque
1133 2455 1325 2506 eedem
1370 2456 1491 2506 loce
1534 2454 1624 2504 ubi
1671 2462 1788 2504 erat
1836 2460 2043 2520 pfigna-

292 2596 440 2634 Forum
462 2594 688 2634 Gallorum.
750 2605 812 2645 23.
838 2592 1138 2638 dexterius,:
1190 2598 1232 2632 to
1253 2598 1414 2645 protect
1435 2592 1499 2631 his
1519 2591 1626 2630 back
1651 2591 1753 2631 from
1775 2592 1844 2630 the
1867 2590 2042 2630 missiles

289 2663 563 2711 dextrum‚0f
576 2663 711 2701 which
734 2663 763 2700 it
785 2663 817 2700 is
839 2663 908 2701 the
932 2675 1142 2712 compara·
1191 2661 1235 2699 of
1263 2662 1332 2699 the
1366 2674 1569 2712 pursuers.
1640 2671 1705 2712 35.
1739 2658 1949 2705 Aemilia,
1980 2672 2034 2697 sc.

289 2732 370 2770 tive
392 2732 508 2770 form.
583 2743 646 2782 32.
679 2730 854 2776 castris,
879 2743 934 2768 SC.
962 2732 1139 2768 Pansae.
1188 2731 1292 2772 via:
1343 2730 1424 2768 this
1470 2728 1634 2767 crossed
1680 2728 1888 2778 Cisalpine
1936 2726 2041 2765 Gaul

288 2824 342 2830 —
362 2800 537 2848 reiecto,
571 2800 638 2838 i.e.
678 2812 774 2837 over
806 2799 876 2837 the
913 2798 1135 2843 shoulder3
1190 2798 1292 2835 from
1314 2798 1546 2836 Ariminum
1578 2803 1620 2835 to
1652 2796 1874 2842 Placentia,
1898 2796 1980 2833 and
2009 2795 2043 2833 is

289 2870 369 2908 this
391 2882 473 2907 was
499 2870 608 2907 done
633 2873 675 2906 to
704 2872 875 2918 prevent
900 2866 1027 2915 being
1048 2866 1140 2903 mis·
1187 2879 1290 2904 even
1306 2880 1396 2903 now
1413 2867 1452 2903 in
1471 2879 1553 2904 use.
1592 2875 1658 2912 41.
1679 2862 1966 2910 novissimus,
1981 2864 2044 2902 tlze

289 2936 416 2975 taken
442 2937 494 2987 by
515 2936 578 2974 his
603 2949 695 2973 own
723 2948 820 2973 men
846 2934 906 2972 for
934 2947 957 2972 a
989 2934 1068 2980 foe,
1098 2947 1142 2971 or
1186 2935 1266 2972 last
1285 2935 1414 2987 ofall.
1465 2933 1531 2982 46.
1553 2931 1736 2978 delevit,
1760 2932 2041 2970 a7znz'ltz'laled.
