2242 3306
361 142 484 180 THE
522 140 885 180 DEDICATION
924 140 997 178 OF
1038 139 1312 179 POMPEY⁷S
1350 139 1640 178 THEATER.
1811 141 1869 195 51

126 289 551 355 elephantorum
589 285 706 336 dies
747 285 866 346 fuit,
907 285 961 334 in
1007 292 1114 351 quc’)
1158 285 1446 334 admirati&
1488 291 1691 350 magna
1725 285 1878 350 vulgi

127 390 293 449 atque
321 380 531 441 turbae,
563 379 856 429 delectati&
884 378 1036 428 nulla
1063 378 1280 428 exstitit.
1352 378 1498 444 Quin
1528 379 1692 428 etiam
1721 378 1877 428 mise·
1916 394 1963 432 50

126 475 361 527 ricordia
390 474 660 541 quaedam
693 478 990 523 consecuta
1018 479 1101 522 est
1134 480 1298 538 atque
1337 472 1521 538 opinio
1557 472 1672 522 eius
1710 472 1873 533 modi,

128 587 249 620 esse
287 567 566 635 quandam
604 566 680 616 illi
721 566 915 616 beluae
960 582 1084 616 cum
1129 582 1331 631 genere
1373 566 1614 615 humano
1655 565 1879 615 societa-

127 672 252 714 tem.
338 663 443 712 His
484 678 589 726 ego
630 668 816 710 tamen
860 659 1067 720 diebus,
1112 659 1253 709 ludis
1298 659 1578 720 scaenicis,
1623 665 1692 708 ne
1734 659 1877 709 forte

126 757 316 807 videar
353 755 454 806 tibi
493 761 603 804 nan
647 753 810 804 modo
854 753 1063 813 beatus,
1108 753 1204 803 sed
1248 752 1385 803 liber
1425 759 1647 803 omnini>
1687 752 1875 813 fuisse,

128 850 309 915 dirsipi
345 855 432 899 me
470 864 648 914 paene
688 847 743 897 in
784 846 984 897 iudicis)
1027 846 1172 896 Galli
1213 845 1424 905 Canini,
1457 845 1743 895 familiaris
1783 853 1874 895 tui,
1919 860 1965 897 55

130 944 296 1010 Quod
329 951 375 993 si
406 950 519 992 tam
557 941 778 992 facilem
817 940 1083 1006 populum
1122 940 1381 990 haberem
1420 956 1583 1006 quam
1618 939 1879 1005 Aesapus

129 1037 336 1098 habuit,
382 1036 616 1086 libenter
655 1035 971 1085 mehercule
1015 1042 1188 1084 artem
1233 1033 1540 1084 desinerem
1587 1039 1879 1099 tecumque

129 1140 185 1182 et
220 1148 346 1182 cum
384 1129 651 1180 similibus
688 1136 864 1178 nostri
894 1136 1149 1178 viverem.
1233 1128 1379 1177 Nam
1421 1133 1508 1176 me
1550 1144 1674 1177 cum
1717 1132 1882 1177 antea

127 1224 403 1286 taedebat,
434 1241 557 1274 cum
588 1231 642 1273 et
671 1228 824 1272 aetas
853 1229 907 1272 et
935 1221 1160 1272 ambitic‘)
1193 1228 1280 1271 me
1315 1220 1636 1271 hortabatur
1672 1228 1726 1270 et
1761 1220 1882 1270 lica-

129 1320 223 1370 bat
251 1318 488 1384 denique
518 1333 678 1384 quem
711 1315 967 1366 nalebam
995 1322 1105 1365 non
1134 1315 1450 1376 defendere,
1475 1322 1591 1364 tum
1619 1320 1749 1364 varo
1778 1314 1881 1364 hoc
1922 1323 1969 1357 60

130 1421 380 1479 tempore
401 1419 514 1462 vita
536 1411 687 1460 nalla
709 1418 806 1460 est.
866 1410 1063 1476 Neque
1092 1408 1236 1459 enim
1267 1409 1510 1459 fructum
1539 1408 1710 1458 ullum
1739 1408 1884 1457 labo-

129 1507 202 1557 ris
225 1512 501 1572 exspecto,
527 1512 580 1554 et
603 1511 772 1569 cogor
793 1510 904 1553 non
927 1520 1226 1569 numquam
1258 1502 1508 1552 homines
1537 1508 1646 1552 non
1677 1501 1883 1567 optime

133 1600 201 1650 de
229 1606 317 1650 me
346 1598 568 1649 meritos
596 1603 793 1663 rogata
824 1604 1012 1647 eorum
1041 1604 1134 1663 qui
1160 1597 1301 1647 bene
1330 1595 1510 1646 meriti
1537 1603 1664 1645 sunt
1698 1595 1884 1644 defen-

133 1694 277 1744 dere.
374 1693 569 1759 ltaque
616 1698 821 1758 quaero
863 1697 1060 1741 causas
1107 1699 1284 1741 omnis
1332 1689 1627 1756 aliquando
1664 1688 1886 1738 vivendi

131 1786 396 1837 arbitratu
426 1792 549 1836 mec‘)
581 1791 745 1852 teque
787 1792 841 1835 et
881 1784 1043 1834 istam
1083 1783 1352 1834 rationem
1394 1790 1469 1833 oti
1508 1790 1587 1832 tui
1626 1790 1680 1832 et
1720 1781 1884 1831 laudo
1925 1789 1969 1833 65

129 1881 491 1931 vehementer
518 1887 572 1929 et
600 1878 790 1944 probs),
822 1878 1079 1944 quodque
1113 1884 1212 1927 n6s
1247 1877 1427 1926 minus
1460 1874 1747 1935 intervisiS,
1780 1875 1882 1924 hoc

131 1975 253 2025 fero
281 1973 466 2024 animo
492 1972 765 2040 aequiore,
790 1971 952 2038 quod,
978 1980 1023 2022 si
1054 1972 1264 2021 Romae
1293 1976 1459 2031 65565,
1488 1977 1676 2019 tamen
1703 1984 1883 2035 neque

132 2074 233 2118 n6s
270 2067 460 2133 lepore
495 2073 591 2117 tuo
626 2082 806 2133 neque
839 2072 1045 2116 ‘ca—si
1080 2073 1172 2131 qui
1205 2072 1287 2114 est
1324 2064 1378 2114 in
1416 2069 1740 2113 me——meo
1775 2062 1885 2111 frui

131 2161 319 2212 liceret
355 2168 583 2227 propter
622 2159 1038 2210 molestissimas
1080 2158 1468 2224 occupationes
1509 2162 1673 2207 meas
1755 2155 1884 2222 Qui-

132 2255 235 2306 bus
258 2264 304 2305 5ῑ
324 2261 412 2305 me
433 2255 910 2305 relaxata—nam
939 2261 998 2303 ut
1026 2253 1190 2319 plana¹
1219 2251 1498 2302 exsolvam
1526 2257 1637 2300 non
1667 2249 1885 2315 postula
1923 2263 1972 2298 70

132 2381 217 2410 -—,
248 2355 303 2399 te
330 2348 527 2415 ipsum,
558 2356 653 2415 qui
679 2348 881 2398 multas
916 2354 1090 2397 annas
1124 2345 1259 2396 nihil
1293 2345 1439 2395 aliud
1476 2343 1881 2403 commentaris,

134 2442 346 2493 docabc‘)
386 2443 639 2508 profecto
680 2441 811 2508 quid
853 2441 921 2491 sit
962 2439 1275 2490 humaniter
1313 2447 1511 2488 vivere.
1592 2438 1676 2487 Tu
1721 2436 1883 2486 modo

133 2535 292 2585 istam
329 2535 760 2586 imbacillitatem
793 2533 1125 2585 valetfidinis
1162 2541 1291 2584 tuae
1333 2537 1583 2582 sustenta
1620 2538 1674 2580 et
1713 2536 1880 2589 tuere,

129 2669 272 2719 pieces.
320 2679 383 2718 49.
406 2667 533 2720 vulgi
549 2669 686 2720 atque
702 2668 872 2714 turbae,
891 2681 988 2706 com-
1034 2680 1118 2705 acc.
1181 2666 1280 2704 with
1352 2666 1538 2704 desinere
1608 2664 1650 2701 in
1721 2663 1879 2701 Cicero.

134 2751 229 2775 mon
250 2738 360 2775 lzerd.
423 2747 485 2790 55.
516 2736 636 2778 Galli
657 2736 831 2783 Canini,
854 2749 988 2787 cogno·
1034 2735 1098 2774 68.
1138 2735 1297 2786 lepore,
1338 2733 1544 2786 agl-emble
1582 2732 1879 2770 conversation.

135 2819 229 2844 men
257 2807 338 2844 and
368 2819 530 2853 nomen,
557 2806 627 2844 the
655 2806 769 2844 usual
800 2806 920 2844 order
947 2805 987 2843 in
1037 2815 1098 2856 70.
1129 2814 1200 2843 me
1226 2803 1439 2849 relaxaro,
1462 2803 1491 2840 l
1512 2802 1649 2840 obtain
1673 2814 1778 2838 some
1805 2812 1884 2837 res-

136 2874 310 2912 familiar
338 2875 459 2913 Latin
480 2875 602 2912 when
631 2876 700 2913 the
724 2880 986 2925 praenomen
1025 2875 1125 2924 pite.
1198 2883 1259 2923 71.
1296 2869 1626 2916 commentaris,
1657 2869 1761 2907 lmzfe
1791 2869 1885 2906 been

133 2943 167 2982 is
207 2944 392 2982 omitted.
467 2943 530 2995 56.
570 2941 766 2990 facilem,
806 2944 982 2995 wz'llz'ng.
1033 2942 1242 2992 studyz'ng.
1325 2951 1386 2992 72.
1432 2937 1688 2978 humaniter
1721 2936 1884 2984 vivere,

137 3021 198 3064 57.
229 3012 386 3061 artem,
415 3012 485 3050 the
517 3012 612 3064 only
643 3012 828 3051 instance
859 3010 904 3051 of
937 3025 988 3050 an
1033 3017 1070 3049 to
1094 3011 1176 3049 live
1205 3023 1231 3048 a
1262 3010 1334 3063 life
1363 3007 1701 3062 ofgentlemanly
1722 3007 1885 3045 lez'sure.
