2242 3306
236 1381 280 1405 10

237 1888 278 1925 15

315 90 386 140 24
733 80 1271 123 CORRESPONDENCE
1311 81 1384 119 OF
1423 79 1644 119 CICERO.

580 255 681 306 VI.
763 255 817 305 A
873 254 1073 305 LOST
1130 252 1445 302 LETTER
1483 249 1623 315 (Ast.
1657 265 1701 300 2.
1735 248 1805 319 8).

929 391 1108 431 Cicero
1140 390 1321 429 Attico
1354 389 1454 428 Sal.

392 517 706 584 Epistulam
744 532 867 566 cum
897 521 928 564 a
959 521 1013 565 te
1042 514 1201 564 avide
1237 518 1617 578 exspectarem
1655 511 1723 561 ad
1756 527 2069 576 vesperum,

317 620 378 663 ut
406 612 570 672 soleo,
596 627 724 661 ecce
752 609 850 659 tibi
878 607 1106 658 nuntius
1134 613 1335 673 pueros
1363 605 1580 656 venisse
1613 606 1804 654 Roma.
1883 605 2070 665 Voco;

319 711 537 772 quaero,
569 703 767 770 ecquid
796 703 1117 753 litterarum.
1202 702 1442 765 Negant.
1526 698 1676 765 Quid
1705 697 1797 757 aiS‚
1830 697 2070 764 inquam,

319 799 528 849 nihilne
562 804 592 847 a
627 796 968 862 Pomponio?
1048 794 1329 845 Perterriti
1366 800 1500 844 voce
1542 800 1595 842 et
1634 792 1788 842 vultu
1832 791 2075 841 confessi

320 900 448 943 sunt
482 898 540 942 se
576 890 874 956 accepisse,
916 889 1012 939 sed
1052 887 1318 938 excidisse
1352 887 1406 936 in
1446 887 1547 936 via.
1629 885 1777 952 Quid
1819 884 2074 951 quaeris?

322 986 660 1036 Permoleste
688 984 801 1034 tuli.
886 983 1054 1032 Nulla
1077 981 1222 1031 enim
1246 981 1344 1031 abs
1366 987 1420 1030 te
1450 997 1547 1046 per
1576 980 1676 1028 hos
1699 979 1815 1028 dies
1839 977 2076 1044 epistula

320 1079 498 1130 inanis
540 1078 723 1144 aliqua
769 1083 826 1127 re
868 1076 987 1126 otili
1025 1084 1079 1126 et
1121 1081 1275 1125 suavi
1313 1080 1554 1124 venerat.
1653 1073 1818 1122 Nunc
1860 1079 1906 1121 si
1944 1071 2075 1138 quid

320 1174 375 1224 in
416 1179 481 1224 ea
521 1172 759 1238 epistula
800 1187 964 1237 quam
999 1177 1127 1219 ante
1169 1168 1313 1218 diem
1350 1183 1461 1218 XVI.
1502 1167 1625 1216 Kal.
1662 1165 1840 1216 Maias
1877 1165 2078 1215 dedisti

321 1267 427 1318 fuit
466 1265 693 1316 historia
734 1265 979 1330 dignum,
1024 1263 1201 1313 scribe
1249 1278 1413 1328 quam
1462 1269 1715 1327 primum,
1758 1265 1828 1309 ne
1867 1265 2077 1324 ignore-

322 1378 473 1423 mus3
518 1368 599 1409 sin
628 1359 764 1409 nihil
801 1365 1021 1424 praeter
1055 1356 1398 1416 iocationem‚
1429 1354 1597 1405 redde
1634 1354 1688 1404 id
1725 1353 1922 1419 ipsum.
2005 1353 2078 1402 Et

322 1461 457 1505 scito
488 1453 785 1505 Curionem
823 1451 1236 1501 adulescentem
1272 1448 1489 1500 venisse
1527 1448 1596 1498 ad
1632 1453 1720 1497 me
1761 1447 2072 1497 salutatum.

320 1548 500 1600 Valde
529 1547 644 1597 eius
674 1552 856 1596 sermo
885 1546 952 1595 de
983 1544 1174 1595 Publio
1202 1561 1327 1594 cum
1355 1550 1462 1593 tuis
1491 1542 1684 1592 litteris
1721 1539 2074 1606 congruebat.

324 1643 454 1709 Ipse
480 1647 611 1692 vero
639 1639 949 1689 mirandum
979 1638 1033 1688 in
1064 1637 1288 1688 modum

878 1762 1083 1814 --reges
1107 1756 1258 1799 odisse
1281 1754 1519 1812 superbos.

325 1876 607 1941 Peraeque
671 1871 932 1923 narrabat
983 1871 1267 1921 incensam
1321 1886 1442 1920 esse
1495 1868 1839 1919 iuventutem
1895 1882 2078 1933 neque

322 1970 468 2019 ferre
498 1969 634 2018 haec
664 1983 842 2033 posse.
927 1967 1080 2015 Bene
1110 1964 1377 2014 habemus
1406 1970 1521 2024 noS‚
1554 1970 1598 2012 si
1625 1962 1680 2011 in
1709 1961 1793 2011 his
1823 1967 1949 2027 spes
1977 1967 2074 2010 est.

325 2064 555 2129 Opi-nor,
599 2060 746 2111 aliud
790 2065 1035 2125 agamus.
1120 2059 1241 2124 Ego
1284 2063 1370 2107 me
1410 2057 1481 2107 do
1520 2055 1794 2106 historiae.
1876 2054 2080 2121 Quam-

395 2201 467 2238 VI.
514 2199 691 2238 W’ritten
732 2198 774 2236 in
814 2197 944 2248 April,
987 2206 1036 2249 59
1077 2206 1177 2242 B.C.,
1223 2208 1362 2245 young
1382 2208 1491 2240 man,
1509 2194 1602 2232 who
1623 2193 1727 2232 later
1747 2193 1919 2230 became
1941 2204 1995 2230 an
2016 2204 2077 2230 ar-

322 2270 427 2308 from
476 2269 654 2307 Cicero’s
698 2267 792 2305 villa
842 2280 940 2304 near
989 2266 1172 2304 Antium.
1224 2266 1323 2303 dent
1345 2262 1804 2315 supporterofCaesar.
1860 2271 1918 2299 12.
1935 2260 2078 2300 Valde

322 2339 483 2376 Atticus
504 2350 587 2375 was
612 2350 705 2374 now
731 2342 772 2374 at
803 2337 949 2373 Rome.
1010 2345 1045 2372 2.
1082 2344 1178 2373 ecce
1225 2363 1232 2371 .
1275 2362 1283 2370 .
1326 2363 1333 2370 .
1375 2332 1658 2384 congruebat,
1697 2331 1877 2380 enlirely
1916 2329 2073 2380 agreed.

321 2407 420 2454 tibi,
457 2407 543 2444 look
574 2419 690 2456 you,·
735 2406 812 2442 tibi
847 2405 880 2442 is
917 2403 1067 2442 ethical
1108 2405 1177 2441 da-
1225 2425 1276 2429 —
1305 2400 1477 2449 Publio,
1532 2401 1713 2439 Clodius.
1819 2409 1878 2447 14.
1933 2408 2074 2449 reges,

323 2477 416 2514 tive.
443 2499 497 2503 ——
516 2484 677 2526 pueros
717 2472 910 2520 venisse,
950 2473 1032 2511 ind.
1075 2472 1172 2510 disc.
1225 2472 1378 2522 quoted
1402 2470 1505 2508 from
1529 2469 1711 2508 Lucilius
1736 2469 1818 2506 and
1849 2467 1950 2506 used
1979 2467 2077 2504 here

321 2546 419 2583 with
469 2544 641 2595 implied
690 2543 800 2580 verb.
901 2554 938 2590 4.
993 2542 1177 2591 Pompo-
1225 2540 1271 2577 of
1306 2540 1375 2577 the
1412 2538 1612 2577 so-called
1649 2538 1753 2575 First
1788 2535 2071 2574 Triumvirate.

322 2613 410 2659 nio,
450 2613 624 2650 Atticus'
665 2624 829 2649 nomen.
912 2609 949 2648 8.
993 2608 1173 2655 dedisti,
1230 2618 1288 2660 15.
1324 2609 1561 2658 Peraeque,
1583 2612 1619 2644 to
1645 2607 1755 2657 quite
1784 2606 1846 2643 llle
1875 2618 1986 2642 same
2016 2604 2079 2641 de-

322 2682 565 2732 dispafclzed.
649 2691 686 2729 9.
737 2677 929 2719 historia
974 2677 1174 2729 dignum,
1218 2691 1325 2728 gree.
1405 2687 1462 2727 17.
1505 2674 1682 2726 opinor,
1715 2673 1838 2713 aliud
1872 2683 2074 2724 agamus,

323 2750 534 2801 especially
576 2750 819 2799 important.
902 2758 961 2785 10.
999 2745 1180 2787 iocatio-
1227 2747 1273 2783 z'Jz
1312 2759 1378 2795 my
1414 2745 1589 2795 opinion
1624 2758 1683 2782 we
1722 2743 1871 2780 should
1904 2742 1951 2779 do
1989 2741 2083 2779 well

323 2830 437 2865 nem,
466 2819 631 2870 joleing.
659 2840 713 2845 —-
734 2816 878 2862 redde,
916 2816 1034 2853 make
1066 2815 1179 2866 good,
1225 2820 1262 2852 lo
1289 2814 1434 2852 esclzew
1456 2814 1633 2864 polilics.
1655 2835 1708 2840 —-
1729 2809 1972 2851 historiae:
2008 2810 2078 2847 the

323 2889 392 2926 i.e.
430 2888 482 2937 by
514 2886 728 2937 repeating
761 2885 790 2923 it
824 2885 865 2922 in
899 2884 1073 2922 another
1106 2883 1178 2921 let·
1227 2888 1343 2921 exact
1384 2888 1527 2920 nature
1569 2881 1614 2919 of
1660 2880 1740 2918 this
1780 2879 1893 2918 work
1933 2879 1966 2916 is
2005 2892 2078 2916 un-

323 2963 397 2996 ter.
459 2966 518 2994 11.
542 2953 790 3000 Curionem,
814 2967 836 2991 a
857 2958 963 2991 most
985 2952 1180 2991 dissolute
1226 2952 1395 2998 known,
1431 2951 1504 2989 but
1540 2950 1570 2988 it
1605 2963 1698 2999 may
1733 2949 1837 2987 have
1877 2948 1987 2986 been
2026 2959 2080 2989 an
