2242 3306
339 151 462 190 THE
499 149 865 190 DEDICATION
903 149 976 188 OF
1017 149 1290 188 POMPEY’S
1329 149 1619 187 THEATER.
1785 153 1857 204 49

105 296 304 348 stiterit
338 296 553 346 fructus
590 301 666 344 oti
700 302 793 354 tui,
830 300 938 360 quo
979 293 1199 359 quidem
1243 293 1342 343 tibi
1382 293 1593 359 perfrui
1631 292 1856 343 mirifice

104 391 270 450 licuit,
302 406 426 440 eum
455 394 606 438 esses
634 387 689 437 in
718 387 822 437 ista
851 386 1185 437 amoenitate
1220 403 1397 453 paene
1433 386 1581 436 solus
1618 386 1852 437 relictus,

108 485 304 550 Neque
332 490 520 532 tamen
549 481 740 531 dubito
769 489 898 547 quin
927 486 984 530 tu
1015 480 1069 529 in
1103 480 1196 529 illo
1228 480 1482 530 eubiculo
1516 486 1611 529 tuo
1648 496 1713 529 ex
1749 486 1857 546 quo

104 577 201 627 tibi
243 576 571 629 Stabianum
615 575 913 641 perforasti
952 582 1006 624 et
1046 573 1361 640 patefecisti
1403 573 1583 623 sinum
1625 590 1722 639 per
1762 580 1856 623 eos

105 671 220 720 dies
264 676 533 720 matutina
574 676 825 734 tempora
868 667 1212 717 lectiunculis
1257 666 1680 732 consumpseris,
1731 683 1855 717 eum

103 763 180 813 illi
207 763 416 814 interea
446 771 539 829 qui
570 769 624 812 te
660 762 780 812 istie
818 762 1156 827 reliquerunt
1193 766 1509 826 spectarent
1549 766 1856 810 communis

105 865 300 907 mimos
334 857 667 907 semisomni.
754 855 1019 921 Reliquas
1051 860 1182 904 vero
1220 862 1391 920 partis
1429 854 1534 904 diei
1570 860 1628 904 tu
1667 860 1857 904 consfi-

105 951 293 1001 mebas
341 951 403 1001 iis
451 949 909 1000 delectationibus
957 954 1094 1015 quas
1146 948 1245 998 tibi
1296 948 1401 1013 ipsi
1453 948 1521 998 acl
1575 947 1856 998 arbitrium

103 1053 259 1096 tuum
307 1049 672 1110 compararas,
724 1043 882 1093 nobis
930 1050 1115 1093 autem
1168 1050 1324 1092 erant
1377 1058 1441 1092 ea
1495 1041 1859 1107 perpetienda

105 1155 246 1206 quae
277 1139 370 1204 Sp.
406 1137 655 1188 Maecius
686 1136 1044 1203 probavisset.
1118 1136 1377 1196 Omnino,
1411 1143 1454 1185 si
1482 1134 1713 1201 quaeriS,
1745 1135 1859 1184 ludi

105 1232 525 1299 apparatissimI,
558 1231 655 1281 sed
684 1237 795 1281 non
824 1238 903 1280 tui
931 1230 1287 1280 stomachi—
1306 1229 1678 1279 coniecturam
1712 1228 1858 1279 enirn

105 1327 251 1377 facio
279 1326 347 1376 de
376 1332 511 1376 meo.
597 1326 741 1375 Nam
772 1332 1010 1390 primum
1045 1322 1268 1373 honoris
1305 1328 1471 1373 causa
1507 1322 1561 1372 in
1601 1338 1858 1372 scaenam

105 1420 385 1471 redierant
424 1420 461 1469 ii
500 1426 637 1486 quos
676 1435 779 1484 ego
817 1417 1038 1468 honoris
1080 1423 1246 1467 causa
1284 1416 1351 1466 de
1392 1421 1592 1466 scaena
1635 1416 1859 1466 decesse

106 1514 424 1564 arbitrabar.
524 1512 771 1563 Deliciae
819 1518 948 1561 Vero
993 1519 1135 1571 tuae,
1185 1518 1372 1560 noster
1418 1510 1693 1575 AesopUS,
1744 1509 1858 1559 eius

107 1608 253 1658 modi
282 1607 387 1657 fuit
415 1615 474 1657 ut
502 1615 552 1657 ei
587 1605 838 1656 desinere
877 1622 975 1670 per
1012 1612 1188 1654 omnis
1231 1603 1480 1654 homines
1521 1603 1721 1653 liceret.
1805 1603 1859 1653 Is

105 1701 284 1751 iurare
318 1718 440 1751 eum
477 1700 765 1766 coepisset,
796 1705 901 1749 vox
937 1715 1063 1748 eum
1104 1697 1308 1748 defecit
1348 1697 1402 1746 in
1443 1696 1534 1746 illo
1574 1696 1724 1747 loeo:
1770 1696 1861 1748 ‘Si

107 1795 284 1845 sciens
314 1795 480 1844 fallo)
563 1793 711 1860 Quid
748 1792 847 1843 tibi
887 1809 991 1858 ego
1034 1791 1140 1841 alia
1179 1790 1432 1841 narrem?
1512 1791 1675 1840 Nosti
1713 1790 1858 1840 enim

106 1889 345 1955 reliquos
374 1888 548 1949 ludos,
581 1895 674 1954 qui
702 1893 771 1937 ne
799 1887 852 1936 id
882 1885 1103 1953 quidem
1137 1885 1338 1951 leporis
1373 1877 1683 1934 habuerunt
1713 1883 1860 1950 quod

107 1983 286 2033 solent
314 1982 618 2032 medioeres
652 1981 779 2030 ludi,
858 1980 1185 2046 Apparatus
1223 1978 1370 2028 enim
1409 1977 1677 2043 spectatio
1712 1977 1861 2027 tolle-

107 2076 201 2127 bat
229 2092 449 2127 omnem
474 2074 821 2135 hilaritatem,
848 2080 957 2140 quo
979 2073 1201 2139 quidem
1231 2077 1501 2138 apparatu
1532 2077 1640 2121 non
1670 2070 1861 2121 dubito

108 2269 155 2321 if
172 2268 277 2318 only.
299 2290 354 2295 -—
373 2265 642 2312 constiterit,
675 2279 760 2304 was
793 2265 967 2303 {caez'llzout
1010 2265 1095 2315 ing.
1181 2273 1242 2311 14.
1275 2261 1449 2308 mimOS,
1469 2262 1625 2314 farces,
1709 2270 1768 2312 15.
1804 2260 1861 2300 ad

108 2338 224 2387 alloy.
285 2348 321 2385 9.
349 2346 448 2375 cum
472 2366 479 2374 .
503 2366 510 2374 .
535 2365 543 2374 .
565 2334 771 2374 relictus:
809 2334 964 2371 Marius
1007 2331 1244 2372 arbitrium
1264 2331 1404 2376 tuum,
1423 2336 1459 2368 lo
1471 2344 1585 2380 your
1601 2344 1693 2368 own
1713 2330 1859 2381 liking.

108 2419 189 2444 was
206 2411 246 2443 at
264 2406 326 2443 his
342 2405 437 2442 villa
459 2418 513 2442 on
535 2405 604 2442 the
628 2404 713 2454 Bay
731 2403 777 2441 of
794 2403 962 2453 Naples.
1014 2412 1072 2453 17.
1104 2401 1183 2452 Sp.
1211 2399 1431 2439 Maecius:
1467 2400 1518 2437 he
1550 2399 1630 2437 had
1663 2399 1770 2436 been
1801 2399 1860 2436 in-

112 2486 171 2512 10.
213 2473 425 2520 cubiculo,
461 2473 593 2523 study.
683 2483 743 2511 11.
780 2471 963 2512 Stabia-
1009 2471 1164 2509 trusted
1187 2470 1238 2519 by
1256 2470 1437 2520 Pompey
1452 2468 1548 2506 with
1571 2468 1640 2506 the
1662 2467 1860 2505 selection

108 2554 217 2582 num
240 2573 248 2582 .
273 2573 280 2582 .
305 2574 312 2581 .
335 2541 507 2581 Sinum:
534 2542 615 2580 this
631 2554 765 2579 seems
783 2547 824 2579 to
843 2554 961 2578 mean
1009 2539 1055 2577 of
1080 2538 1293 2589 theplays
1325 2538 1406 2576 and
1437 2538 1506 2575 the
1534 2536 1791 2587 supervision
1820 2535 1867 2573 of

108 2613 197 2650 that
215 2612 372 2650 Marius
390 2612 471 2649 had
490 2617 558 2649 cut
580 2612 701 2649 down
722 2623 836 2648 some
859 2616 965 2647 trees
1010 2608 1116 2647 their
1164 2607 1464 2658 performanee.
1565 2605 1624 2643 18.
1673 2614 1860 2655 appara-

109 2695 162 2719 on
186 2682 247 2719 his
269 2686 397 2719 estate
420 2686 460 2718 at
484 2680 649 2718 Stabiae
676 2680 765 2717 that
790 2679 860 2716 the
886 2679 964 2727 bay
986 2722 987 2728 ἵ
1009 2675 1193 2722 tissimi,
1235 2681 1334 2713 most
1369 2674 1565 2725 splendid.
1592 2697 1646 2702 —
1664 2672 1734 2712 tui
1773 2673 1861 2712 sto-

108 2751 240 2801 might
280 2751 330 2788 be
371 2750 413 2788 in
454 2750 563 2799 sight
601 2749 705 2786 from
747 2748 810 2785 his
846 2748 987 2796 study1
1010 2744 1173 2790 machi,
1201 2751 1237 2782 lo
1259 2757 1372 2794 your
1401 2749 1510 2781 laste.
1588 2753 1646 2790 19.
1683 2740 1862 2781 honoris

108 2820 324 2865 winclows;
364 2819 434 2857 the
463 2818 567 2856 vista
597 2817 630 2855 is
660 2817 749 2855 said
782 2822 823 2854 to
859 2816 964 2853 have
986 2854 987 2859 ,
1010 2824 1154 2859 causa,
1178 2819 1213 2850 ίο
1234 2826 1360 2862 grace
1384 2812 1446 2849 llze
1470 2812 1651 2849 occasion
1667 2824 1683 2854 ‚·
1714 2810 1861 2856 below,

108 2889 215 2927 been
261 2888 475 2939 produced
520 2887 573 2936 by
613 2886 763 2934 boring
806 2898 829 2922 a
873 2897 964 2935 pas·
1011 2884 1174 2921 because
1211 2882 1300 2931 they
1341 2894 1392 2918 no
1431 2880 1570 2931 longer
1603 2879 1763 2930 graced
1803 2879 1864 2916 tlte

108 2970 205 3008 sage
235 2957 413 3006 through
444 2953 718 3007 (perforasti)
745 2954 814 2992 the
841 2959 962 2991 trees.
1010 2958 1127 3002 stage.
1207 2961 1267 2987 20.
1314 2949 1504 2994 decesse,
1545 2948 1606 2986 for
1645 2948 1858 2986 decessisse.

114 3037 174 3065 12.
206 3025 504 3072 lectiunculis,
535 3026 583 3063 z'n
614 3024 816 3073 desultory
847 3021 964 3060 read·
987 3050 988 3065 ,
1013 3031 1076 3059 21.
1103 3017 1312 3064 Deliciae,
1325 3018 1513 3070 fczvorz'le
1533 3022 1658 3055 actor.
1715 3025 1777 3067 25.
1803 3015 1864 3055 le·

304 3105 401 3133 COR.
433 3105 488 3132 OF
517 3104 704 3141 CIC.—-4

1900 498 1944 522 10

1901 1434 1947 1458 20

1901 1899 1946 1935 25
